{
  "generated": "2026-02-19T18:44:49.467523",
  "quarters": [
    "Q1 2015",
    "Q2 2015",
    "Q3 2015",
    "Q4 2015",
    "Q1 2016",
    "Q2 2016",
    "Q3 2016",
    "Q4 2016",
    "Q1 2017",
    "Q2 2017",
    "Q3 2017",
    "Q4 2017",
    "Q1 2018",
    "Q2 2018",
    "Q3 2018",
    "Q4 2018",
    "Q1 2019",
    "Q2 2019",
    "Q3 2019",
    "Q4 2019",
    "Q1 2020",
    "Q2 2020",
    "Q3 2020",
    "Q4 2020",
    "Q1 2021",
    "Q2 2021",
    "Q3 2021",
    "Q4 2021",
    "Q1 2022",
    "Q2 2022",
    "Q3 2022",
    "Q4 2022",
    "Q1 2023",
    "Q2 2023",
    "Q3 2023",
    "Q4 2023",
    "Q1 2024",
    "Q2 2024",
    "Q3 2024",
    "Q4 2024",
    "Q1 2025",
    "Q2 2025",
    "Q3 2025",
    "Q4 2025"
  ],
  "indices": {
    "all": {},
    "tier1": {},
    "tier2": {},
    "gap": {}
  },
  "companies": {
    "MSFT": {
      "info": {
        "name": "Microsoft",
        "sector": "Technology",
        "tier": 1
      },
      "quarters": {
        "Q1 2015": {
          "revenue": null,
          "operating_income": 6594000000000000.0,
          "nopat": 5275200000000000.0,
          "invested_capital": 1.18742e+17,
          "reported_roic": 0.1777,
          "goodwill": 2.1728e+16,
          "intangibles": 0,
          "leases": 0,
          "adj_invested_capital": 9.7014e+16,
          "restruct_avg": 98000000000000.0,
          "adj_nopat": 5196800000000000.0,
          "adj_roic": 0.2143,
          "spread": 0.0366,
          "rev_per_employee": null,
          "capex_intensity": null,
          "fcf_conversion": null,
          "buyback_flag": true,
          "market_cap": null,
          "headcount": null
        },
        "Q3 2015": {
          "revenue": null,
          "operating_income": 5793000000000000.0,
          "nopat": 4634400000000000.0,
          "invested_capital": 1.21362e+17,
          "reported_roic": 0.1527,
          "goodwill": 1.7142e+16,
          "intangibles": 0,
          "leases": 0,
          "adj_invested_capital": 1.0422e+17,
          "restruct_avg": 32666666666666.7,
          "adj_nopat": 4608266666666667.0,
          "adj_roic": 0.1769,
          "spread": 0.0241,
          "rev_per_employee": null,
          "capex_intensity": null,
          "fcf_conversion": null,
          "buyback_flag": true,
          "market_cap": null,
          "headcount": null
        },
        "Q4 2015": {
          "revenue": null,
          "operating_income": 6026000000000000.0,
          "nopat": 5423400000000000.0,
          "invested_capital": 1.17745e+17,
          "reported_roic": 0.1842,
          "goodwill": 1.7436e+16,
          "intangibles": 0,
          "leases": 0,
          "adj_invested_capital": 1.00309e+17,
          "restruct_avg": 224500000000000.0,
          "adj_nopat": 5221350000000000.0,
          "adj_roic": 0.2082,
          "spread": 0.024,
          "rev_per_employee": null,
          "capex_intensity": null,
          "fcf_conversion": null,
          "buyback_flag": true,
          "market_cap": null,
          "headcount": null
        },
        "Q1 2016": {
          "revenue": null,
          "operating_income": 5283000000000000.0,
          "nopat": 4226400000000000.0,
          "invested_capital": 1.19534e+17,
          "reported_roic": 0.1414,
          "goodwill": 1.7948e+16,
          "intangibles": 0,
          "leases": 0,
          "adj_invested_capital": 1.01586e+17,
          "restruct_avg": 200000000000000.0,
          "adj_nopat": 4066400000000000.0,
          "adj_roic": 0.1601,
          "spread": 0.0187,
          "rev_per_employee": null,
          "capex_intensity": null,
          "fcf_conversion": null,
          "buyback_flag": true,
          "market_cap": null,
          "headcount": null
        },
        "Q3 2016": {
          "revenue": 2.1928e+16,
          "operating_income": 6715000000000000.0,
          "nopat": 6043500000000000.0,
          "invested_capital": 1.5777e+17,
          "reported_roic": 0.1532,
          "goodwill": 1.7907e+16,
          "intangibles": 0,
          "leases": 0,
          "adj_invested_capital": 1.39863e+17,
          "restruct_avg": 200000000000000.0,
          "adj_nopat": 5863500000000000.0,
          "adj_roic": 0.1677,
          "spread": 0.0145,
          "rev_per_employee": null,
          "capex_intensity": 0.0986,
          "fcf_conversion": null,
          "buyback_flag": true,
          "market_cap": null,
          "headcount": null
        },
        "Q4 2016": {
          "revenue": 2.5826e+16,
          "operating_income": 6177000000000000.0,
          "nopat": 4941600000000000.0,
          "invested_capital": 1.84025e+17,
          "reported_roic": 0.1074,
          "goodwill": 3.4524e+16,
          "intangibles": 0,
          "leases": 0,
          "adj_invested_capital": 1.49501e+17,
          "restruct_avg": 125250000000000.0,
          "adj_nopat": 4841400000000000.0,
          "adj_roic": 0.1295,
          "spread": 0.0221,
          "rev_per_employee": null,
          "capex_intensity": 0.077,
          "fcf_conversion": 0.8892,
          "buyback_flag": true,
          "market_cap": null,
          "headcount": null
        },
        "Q1 2017": {
          "revenue": 2.3212e+16,
          "operating_income": 5594000000000000.0,
          "nopat": 4475200000000000.0,
          "invested_capital": 1.68564e+17,
          "reported_roic": 0.1062,
          "goodwill": 3.4668e+16,
          "intangibles": 0,
          "leases": 0,
          "adj_invested_capital": 1.33896e+17,
          "restruct_avg": 125250000000000.0,
          "adj_nopat": 4375000000000000.0,
          "adj_roic": 0.1307,
          "spread": 0.0245,
          "rev_per_employee": null,
          "capex_intensity": 0.073,
          "fcf_conversion": 2.0491,
          "buyback_flag": true,
          "market_cap": null,
          "headcount": null
        },
        "Q3 2017": {
          "revenue": 2.4538e+16,
          "operating_income": 7708000000000000.0,
          "nopat": 6166400000000000.0,
          "invested_capital": 1.77483e+17,
          "reported_roic": 0.139,
          "goodwill": 3.5389e+16,
          "intangibles": 0,
          "leases": 0,
          "adj_invested_capital": 1.42094e+17,
          "restruct_avg": 125250000000000.0,
          "adj_nopat": 6066200000000000.0,
          "adj_roic": 0.1708,
          "spread": 0.0318,
          "rev_per_employee": null,
          "capex_intensity": 0.0869,
          "fcf_conversion": 1.6993,
          "buyback_flag": true,
          "market_cap": null,
          "headcount": null
        },
        "Q4 2017": {
          "revenue": 2.8918e+16,
          "operating_income": 8679000000000000.0,
          "nopat": -6075300000000000.0,
          "invested_capital": 1.70713e+17,
          "reported_roic": -0.1424,
          "goodwill": 3.5355e+16,
          "intangibles": 0,
          "leases": 0,
          "adj_invested_capital": 1.35358e+17,
          "restruct_avg": 76500000000000.0,
          "adj_nopat": -6021750000000000.0,
          "adj_roic": -0.178,
          "spread": -0.0356,
          "rev_per_employee": null,
          "capex_intensity": 0.0894,
          "fcf_conversion": -0.8783,
          "buyback_flag": true,
          "market_cap": null,
          "headcount": null
        },
        "Q1 2018": {
          "revenue": 2.6819e+16,
          "operating_income": 8292000000000000.0,
          "nopat": 7462800000000000.0,
          "invested_capital": 1.50826e+17,
          "reported_roic": 0.1979,
          "goodwill": 3.5582e+16,
          "intangibles": 0,
          "leases": 0,
          "adj_invested_capital": 1.15244e+17,
          "restruct_avg": 76500000000000.0,
          "adj_nopat": 7393950000000000.0,
          "adj_roic": 0.2566,
          "spread": 0.0587,
          "rev_per_employee": null,
          "capex_intensity": 0.1094,
          "fcf_conversion": 1.2466,
          "buyback_flag": true,
          "market_cap": null,
          "headcount": null
        },
        "Q3 2018": {
          "revenue": 2.9084e+16,
          "operating_income": 9955000000000000.0,
          "nopat": 8959500000000000.0,
          "invested_capital": 1.53527e+17,
          "reported_roic": 0.2334,
          "goodwill": 3.5855e+16,
          "intangibles": 0,
          "leases": 0,
          "adj_invested_capital": 1.17672e+17,
          "restruct_avg": 76500000000000.0,
          "adj_nopat": 8890650000000000.0,
          "adj_roic": 0.3022,
          "spread": 0.0688,
          "rev_per_employee": null,
          "capex_intensity": 0.1238,
          "fcf_conversion": 1.131,
          "buyback_flag": true,
          "market_cap": null,
          "headcount": null
        },
        "Q4 2018": {
          "revenue": 3.2471e+16,
          "operating_income": 1.0258e+16,
          "nopat": 8206400000000000.0,
          "invested_capital": 1.62206e+17,
          "reported_roic": 0.2024,
          "goodwill": 4.1577e+16,
          "intangibles": 0,
          "leases": 0,
          "adj_invested_capital": 1.20629e+17,
          "restruct_avg": 0.0,
          "adj_nopat": 8206400000000000.0,
          "adj_roic": 0.2721,
          "spread": 0.0698,
          "rev_per_employee": null,
          "capex_intensity": 0.1142,
          "fcf_conversion": 0.6328,
          "buyback_flag": true,
          "market_cap": null,
          "headcount": null
        },
        "Q1 2019": {
          "revenue": 3.0571e+16,
          "operating_income": 1.0341e+16,
          "nopat": 8272800000000000.0,
          "invested_capital": 1.63267e+17,
          "reported_roic": 0.2027,
          "goodwill": 4.1861e+16,
          "intangibles": 0,
          "leases": 0,
          "adj_invested_capital": 1.21406e+17,
          "restruct_avg": 0.0,
          "adj_nopat": 8272800000000000.0,
          "adj_roic": 0.2726,
          "spread": 0.0699,
          "rev_per_employee": null,
          "capex_intensity": 0.0839,
          "fcf_conversion": 1.3242,
          "buyback_flag": true,
          "market_cap": null,
          "headcount": null
        },
        "Q3 2019": {
          "revenue": 3.3055e+16,
          "operating_income": 1.2686e+16,
          "nopat": 1.01488e+16,
          "invested_capital": 1.65456e+17,
          "reported_roic": 0.2454,
          "goodwill": 4.2113e+16,
          "intangibles": 0,
          "leases": 0,
          "adj_invested_capital": 1.23343e+17,
          "restruct_avg": 0.0,
          "adj_nopat": 1.01488e+16,
          "adj_roic": 0.3291,
          "spread": 0.0838,
          "rev_per_employee": null,
          "capex_intensity": 0.1024,
          "fcf_conversion": 1.028,
          "buyback_flag": true,
          "market_cap": null,
          "headcount": null
        },
        "Q4 2019": {
          "revenue": 3.6906e+16,
          "operating_income": 1.3891e+16,
          "nopat": 1.11128e+16,
          "invested_capital": 1.771e+17,
          "reported_roic": 0.251,
          "goodwill": 4.2248e+16,
          "intangibles": 0,
          "leases": 0,
          "adj_invested_capital": 1.34852e+17,
          "restruct_avg": 0.0,
          "adj_nopat": 1.11128e+16,
          "adj_roic": 0.3296,
          "spread": 0.0786,
          "rev_per_employee": null,
          "capex_intensity": 0.0961,
          "fcf_conversion": 0.6421,
          "buyback_flag": true,
          "market_cap": null,
          "headcount": null
        },
        "Q1 2020": {
          "revenue": 3.5021e+16,
          "operating_income": 1.2975e+16,
          "nopat": 1.038e+16,
          "invested_capital": 1.73149e+17,
          "reported_roic": 0.2398,
          "goodwill": 4.2064e+16,
          "intangibles": 0,
          "leases": 0,
          "adj_invested_capital": 1.31085e+17,
          "restruct_avg": 0.0,
          "adj_nopat": 1.038e+16,
          "adj_roic": 0.3167,
          "spread": 0.0769,
          "rev_per_employee": null,
          "capex_intensity": 0.1076,
          "fcf_conversion": 1.3234,
          "buyback_flag": true,
          "market_cap": null,
          "headcount": null
        },
        "Q3 2020": {
          "revenue": 3.7154e+16,
          "operating_income": 1.5876e+16,
          "nopat": 1.42884e+16,
          "invested_capital": 1.76236e+17,
          "reported_roic": 0.3243,
          "goodwill": 4.389e+16,
          "intangibles": 0,
          "leases": 0,
          "adj_invested_capital": 1.32346e+17,
          "restruct_avg": 0.0,
          "adj_nopat": 1.42884e+16,
          "adj_roic": 0.4318,
          "spread": 0.1075,
          "rev_per_employee": null,
          "capex_intensity": 0.1321,
          "fcf_conversion": 1.0098,
          "buyback_flag": true,
          "market_cap": null,
          "headcount": null
        },
        "Q4 2020": {
          "revenue": 4.3076e+16,
          "operating_income": 1.7897e+16,
          "nopat": 1.43176e+16,
          "invested_capital": 1.81714e+17,
          "reported_roic": 0.3152,
          "goodwill": 4.4219e+16,
          "intangibles": 0,
          "leases": 0,
          "adj_invested_capital": 1.37495e+17,
          "restruct_avg": 0.0,
          "adj_nopat": 1.43176e+16,
          "adj_roic": 0.4165,
          "spread": 0.1014,
          "rev_per_employee": null,
          "capex_intensity": 0.0969,
          "fcf_conversion": 0.5826,
          "buyback_flag": true,
          "market_cap": null,
          "headcount": null
        },
        "Q1 2021": {
          "revenue": 4.1706e+16,
          "operating_income": 1.7048e+16,
          "nopat": 1.53432e+16,
          "invested_capital": 1.86912e+17,
          "reported_roic": 0.3284,
          "goodwill": 4.9698e+16,
          "intangibles": 0,
          "leases": 0,
          "adj_invested_capital": 1.37214e+17,
          "restruct_avg": 0.0,
          "adj_nopat": 1.53432e+16,
          "adj_roic": 0.4473,
          "spread": 0.1189,
          "rev_per_employee": null,
          "capex_intensity": 0.122,
          "fcf_conversion": 1.1138,
          "buyback_flag": true,
          "market_cap": null,
          "headcount": null
        },
        "Q3 2021": {
          "revenue": 4.5317e+16,
          "operating_income": 2.0238e+16,
          "nopat": 2.0238e+16,
          "invested_capital": 1.8935e+17,
          "reported_roic": 0.4275,
          "goodwill": 5.0455e+16,
          "intangibles": 0,
          "leases": 0,
          "adj_invested_capital": 1.38895e+17,
          "restruct_avg": 0.0,
          "adj_nopat": 2.0238e+16,
          "adj_roic": 0.5828,
          "spread": 0.1553,
          "rev_per_employee": null,
          "capex_intensity": 0.1282,
          "fcf_conversion": 0.9255,
          "buyback_flag": true,
          "market_cap": null,
          "headcount": null
        },
        "Q4 2021": {
          "revenue": 5.1728e+16,
          "operating_income": 2.2247e+16,
          "nopat": 1.77976e+16,
          "invested_capital": 1.97662e+17,
          "reported_roic": 0.3602,
          "goodwill": 5.0921e+16,
          "intangibles": 0,
          "leases": 0,
          "adj_invested_capital": 1.46741e+17,
          "restruct_avg": 0.0,
          "adj_nopat": 1.77976e+16,
          "adj_roic": 0.4851,
          "spread": 0.125,
          "rev_per_employee": null,
          "capex_intensity": 0.1134,
          "fcf_conversion": 0.4841,
          "buyback_flag": true,
          "market_cap": null,
          "headcount": null
        },
        "Q1 2022": {
          "revenue": 4.936e+16,
          "operating_income": 2.0364e+16,
          "nopat": 1.62912e+16,
          "invested_capital": 2.02101e+17,
          "reported_roic": 0.3224,
          "goodwill": 6.7371e+16,
          "intangibles": 0,
          "leases": 0,
          "adj_invested_capital": 1.3473e+17,
          "restruct_avg": 0.0,
          "adj_nopat": 1.62912e+16,
          "adj_roic": 0.4837,
          "spread": 0.1612,
          "rev_per_employee": null,
          "capex_intensity": 0.1082,
          "fcf_conversion": 1.2305,
          "buyback_flag": true,
          "market_cap": null,
          "headcount": null
        },
        "Q3 2022": {
          "revenue": 5.0122e+16,
          "operating_income": 2.1518e+16,
          "nopat": 1.72144e+16,
          "invested_capital": 2.02552e+17,
          "reported_roic": 0.34,
          "goodwill": 6.7459e+16,
          "intangibles": 0,
          "leases": 0,
          "adj_invested_capital": 1.35093e+17,
          "restruct_avg": 0.0,
          "adj_nopat": 1.72144e+16,
          "adj_roic": 0.5097,
          "spread": 0.1698,
          "rev_per_employee": null,
          "capex_intensity": 0.1254,
          "fcf_conversion": 0.9826,
          "buyback_flag": true,
          "market_cap": null,
          "headcount": null
        },
        "Q4 2022": {
          "revenue": 5.2747e+16,
          "operating_income": 2.0399e+16,
          "nopat": 1.63192e+16,
          "invested_capital": 2.19603e+17,
          "reported_roic": 0.2972,
          "goodwill": 6.7905e+16,
          "intangibles": 0,
          "leases": 0,
          "adj_invested_capital": 1.51698e+17,
          "restruct_avg": 0.0,
          "adj_nopat": 1.63192e+16,
          "adj_roic": 0.4303,
          "spread": 0.1331,
          "rev_per_employee": null,
          "capex_intensity": 0.1189,
          "fcf_conversion": 0.3002,
          "buyback_flag": true,
          "market_cap": null,
          "headcount": null
        },
        "Q1 2023": {
          "revenue": 5.2857e+16,
          "operating_income": 2.2352e+16,
          "nopat": 1.78816e+16,
          "invested_capital": 2.22576e+17,
          "reported_roic": 0.3214,
          "goodwill": 6.794e+16,
          "intangibles": 0,
          "leases": 0,
          "adj_invested_capital": 1.54636e+17,
          "restruct_avg": 0.0,
          "adj_nopat": 1.78816e+16,
          "adj_roic": 0.4625,
          "spread": 0.1412,
          "rev_per_employee": null,
          "capex_intensity": 0.125,
          "fcf_conversion": 0.9973,
          "buyback_flag": true,
          "market_cap": null,
          "headcount": null
        },
        "Q3 2023": {
          "revenue": 5.6517e+16,
          "operating_income": 2.6895e+16,
          "nopat": 2.1516e+16,
          "invested_capital": 2.15512e+17,
          "reported_roic": 0.3993,
          "goodwill": 6.779e+16,
          "intangibles": 0,
          "leases": 0,
          "adj_invested_capital": 1.47722e+17,
          "restruct_avg": 0.0,
          "adj_nopat": 2.1516e+16,
          "adj_roic": 0.5826,
          "spread": 0.1833,
          "rev_per_employee": null,
          "capex_intensity": 0.1755,
          "fcf_conversion": 0.9605,
          "buyback_flag": false,
          "market_cap": null,
          "headcount": null
        },
        "Q4 2023": {
          "revenue": 6.202e+16,
          "operating_income": 2.7032e+16,
          "nopat": 2.16256e+16,
          "invested_capital": 2.97432e+17,
          "reported_roic": 0.2908,
          "goodwill": 1.18931e+17,
          "intangibles": 0,
          "leases": 0,
          "adj_invested_capital": 1.78501e+17,
          "restruct_avg": 0.0,
          "adj_nopat": 2.16256e+16,
          "adj_roic": 0.4846,
          "spread": 0.1938,
          "rev_per_employee": null,
          "capex_intensity": 0.157,
          "fcf_conversion": 0.4216,
          "buyback_flag": false,
          "market_cap": null,
          "headcount": null
        },
        "Q1 2024": {
          "revenue": 6.1858e+16,
          "operating_income": 2.7581e+16,
          "nopat": 2.20648e+16,
          "invested_capital": 3.01209e+17,
          "reported_roic": 0.293,
          "goodwill": 1.19163e+17,
          "intangibles": 0,
          "leases": 0,
          "adj_invested_capital": 1.82046e+17,
          "restruct_avg": 0.0,
          "adj_nopat": 2.20648e+16,
          "adj_roic": 0.4848,
          "spread": 0.1918,
          "rev_per_employee": null,
          "capex_intensity": 0.1771,
          "fcf_conversion": 0.9502,
          "buyback_flag": false,
          "market_cap": null,
          "headcount": null
        },
        "Q3 2024": {
          "revenue": 6.5585e+16,
          "operating_income": 3.0552e+16,
          "nopat": 2.44416e+16,
          "invested_capital": 3.14249e+17,
          "reported_roic": 0.3111,
          "goodwill": 1.19374e+17,
          "intangibles": 0,
          "leases": 0,
          "adj_invested_capital": 1.94875e+17,
          "restruct_avg": 0.0,
          "adj_nopat": 2.44416e+16,
          "adj_roic": 0.5017,
          "spread": 0.1906,
          "rev_per_employee": null,
          "capex_intensity": 0.2275,
          "fcf_conversion": 0.7879,
          "buyback_flag": false,
          "market_cap": null,
          "headcount": null
        },
        "Q4 2024": {
          "revenue": 6.9632e+16,
          "operating_income": 3.1653e+16,
          "nopat": 2.53224e+16,
          "invested_capital": 3.35431e+17,
          "reported_roic": 0.302,
          "goodwill": 1.19191e+17,
          "intangibles": 0,
          "leases": 0,
          "adj_invested_capital": 2.1624e+17,
          "restruct_avg": 0.0,
          "adj_nopat": 2.53224e+16,
          "adj_roic": 0.4684,
          "spread": 0.1664,
          "rev_per_employee": null,
          "capex_intensity": 0.227,
          "fcf_conversion": 0.2562,
          "buyback_flag": false,
          "market_cap": null,
          "headcount": null
        },
        "Q1 2025": {
          "revenue": 7.0066e+16,
          "operating_income": 3.2e+16,
          "nopat": 2.56e+16,
          "invested_capital": 3.38943e+17,
          "reported_roic": 0.3021,
          "goodwill": 1.19329e+17,
          "intangibles": 0,
          "leases": 0,
          "adj_invested_capital": 2.19614e+17,
          "restruct_avg": 0.0,
          "adj_nopat": 2.56e+16,
          "adj_roic": 0.4663,
          "spread": 0.1642,
          "rev_per_employee": null,
          "capex_intensity": 0.239,
          "fcf_conversion": 0.7929,
          "buyback_flag": false,
          "market_cap": null,
          "headcount": null
        },
        "Q3 2025": {
          "revenue": 7.7673e+16,
          "operating_income": 3.7961e+16,
          "nopat": 3.03688e+16,
          "invested_capital": 3.85267e+17,
          "reported_roic": 0.3153,
          "goodwill": 1.19497e+17,
          "intangibles": 0,
          "leases": 0,
          "adj_invested_capital": 2.6577e+17,
          "restruct_avg": 0.0,
          "adj_nopat": 3.03688e+16,
          "adj_roic": 0.4571,
          "spread": 0.1418,
          "rev_per_employee": null,
          "capex_intensity": 0.2497,
          "fcf_conversion": 0.845,
          "buyback_flag": false,
          "market_cap": null,
          "headcount": null
        },
        "Q4 2025": {
          "revenue": 8.1273e+16,
          "operating_income": 3.8275e+16,
          "nopat": 3.062e+16,
          "invested_capital": 4.11678e+17,
          "reported_roic": 0.2975,
          "goodwill": 1.19622e+17,
          "intangibles": 0,
          "leases": 0,
          "adj_invested_capital": 2.92056e+17,
          "restruct_avg": 0.0,
          "adj_nopat": 3.062e+16,
          "adj_roic": 0.4194,
          "spread": 0.1219,
          "rev_per_employee": null,
          "capex_intensity": 0.3676,
          "fcf_conversion": 0.1921,
          "buyback_flag": false,
          "market_cap": null,
          "headcount": null
        }
      }
    },
    "AMZN": {
      "info": {
        "name": "Amazon",
        "sector": "Tech/Retail",
        "tier": 1
      },
      "quarters": {
        "Q4 2015": {
          "revenue": null,
          "operating_income": 1108000000000000.0,
          "nopat": 554000000000000.0,
          "invested_capital": 6294000000000000.0,
          "reported_roic": 0.3521,
          "goodwill": 3759000000000000.0,
          "intangibles": 0,
          "leases": 0,
          "adj_invested_capital": 2535000000000000.0,
          "restruct_avg": 0.0,
          "adj_nopat": 554000000000000.0,
          "adj_roic": 0.8742,
          "spread": 0.5221,
          "rev_per_employee": null,
          "capex_intensity": null,
          "fcf_conversion": 13.7581,
          "buyback_flag": false,
          "market_cap": null,
          "headcount": null
        },
        "Q1 2016": {
          "revenue": null,
          "operating_income": 1071000000000000.0,
          "nopat": 535500000000000.0,
          "invested_capital": 1.0781e+16,
          "reported_roic": 0.1987,
          "goodwill": 3785000000000000.0,
          "intangibles": 0,
          "leases": 0,
          "adj_invested_capital": 6996000000000000.0,
          "restruct_avg": 0.0,
          "adj_nopat": 535500000000000.0,
          "adj_roic": 0.3062,
          "spread": 0.1075,
          "rev_per_employee": null,
          "capex_intensity": null,
          "fcf_conversion": -6.2353,
          "buyback_flag": false,
          "market_cap": null,
          "headcount": null
        },
        "Q2 2016": {
          "revenue": null,
          "operating_income": 1285000000000000.0,
          "nopat": 899500000000000.0,
          "invested_capital": 1.2405e+16,
          "reported_roic": 0.29,
          "goodwill": 3774000000000000.0,
          "intangibles": 0,
          "leases": 0,
          "adj_invested_capital": 8631000000000000.0,
          "restruct_avg": 0.0,
          "adj_nopat": 899500000000000.0,
          "adj_roic": 0.4169,
          "spread": 0.1268,
          "rev_per_employee": null,
          "capex_intensity": null,
          "fcf_conversion": 1.95,
          "buyback_flag": false,
          "market_cap": null,
          "headcount": null
        },
        "Q3 2016": {
          "revenue": null,
          "operating_income": 575000000000000.0,
          "nopat": 287500000000000.0,
          "invested_capital": 1.2519e+16,
          "reported_roic": 0.0919,
          "goodwill": 3815000000000000.0,
          "intangibles": 0,
          "leases": 0,
          "adj_invested_capital": 8704000000000000.0,
          "restruct_avg": 0.0,
          "adj_nopat": 287500000000000.0,
          "adj_roic": 0.1321,
          "spread": 0.0403,
          "rev_per_employee": null,
          "capex_intensity": null,
          "fcf_conversion": 9.2,
          "buyback_flag": false,
          "market_cap": null,
          "headcount": null
        },
        "Q4 2016": {
          "revenue": null,
          "operating_income": 1255000000000000.0,
          "nopat": 753000000000000.0,
          "invested_capital": 9845000000000000.0,
          "reported_roic": 0.3059,
          "goodwill": 3784000000000000.0,
          "intangibles": 854000000000000.0,
          "leases": 0,
          "adj_invested_capital": 5207000000000000.0,
          "restruct_avg": 0.0,
          "adj_nopat": 753000000000000.0,
          "adj_roic": 0.5785,
          "spread": 0.2725,
          "rev_per_employee": null,
          "capex_intensity": null,
          "fcf_conversion": 11.8367,
          "buyback_flag": false,
          "market_cap": null,
          "headcount": null
        },
        "Q1 2017": {
          "revenue": 3.5714e+16,
          "operating_income": 1005000000000000.0,
          "nopat": 804000000000000.0,
          "invested_capital": 1.611e+16,
          "reported_roic": 0.1996,
          "goodwill": 3823000000000000.0,
          "intangibles": 0,
          "leases": 0,
          "adj_invested_capital": 1.2287e+16,
          "restruct_avg": 0.0,
          "adj_nopat": 804000000000000.0,
          "adj_roic": 0.2617,
          "spread": 0.0621,
          "rev_per_employee": null,
          "capex_intensity": 0.0521,
          "fcf_conversion": -4.2923,
          "buyback_flag": false,
          "market_cap": null,
          "headcount": null
        },
        "Q3 2017": {
          "revenue": 4.3744e+16,
          "operating_income": 347000000000000.0,
          "nopat": 277600000000000.0,
          "invested_capital": 3.8775e+16,
          "reported_roic": 0.0286,
          "goodwill": 1.3271e+16,
          "intangibles": 0,
          "leases": 0,
          "adj_invested_capital": 2.5504e+16,
          "restruct_avg": 0.0,
          "adj_nopat": 277600000000000.0,
          "adj_roic": 0.0435,
          "spread": 0.0149,
          "rev_per_employee": null,
          "capex_intensity": null,
          "fcf_conversion": null,
          "buyback_flag": false,
          "market_cap": null,
          "headcount": null
        },
        "Q4 2017": {
          "revenue": 6.0453e+16,
          "operating_income": 2127000000000000.0,
          "nopat": 2127000000000000.0,
          "invested_capital": 3.2229e+16,
          "reported_roic": 0.264,
          "goodwill": 1.335e+16,
          "intangibles": 3371000000000000.0,
          "leases": 0,
          "adj_invested_capital": 1.5508e+16,
          "restruct_avg": 0.0,
          "adj_nopat": 2127000000000000.0,
          "adj_roic": 0.5486,
          "spread": 0.2846,
          "rev_per_employee": null,
          "capex_intensity": null,
          "fcf_conversion": null,
          "buyback_flag": false,
          "market_cap": null,
          "headcount": null
        },
        "Q1 2018": {
          "revenue": 5.1042e+16,
          "operating_income": 1927000000000000.0,
          "nopat": 1734300000000000.0,
          "invested_capital": 3.9632e+16,
          "reported_roic": 0.175,
          "goodwill": 1.3388e+16,
          "intangibles": 0,
          "leases": 0,
          "adj_invested_capital": 2.6244e+16,
          "restruct_avg": 0.0,
          "adj_nopat": 1734300000000000.0,
          "adj_roic": 0.2643,
          "spread": 0.0893,
          "rev_per_employee": null,
          "capex_intensity": null,
          "fcf_conversion": null,
          "buyback_flag": false,
          "market_cap": null,
          "headcount": null
        },
        "Q2 2018": {
          "revenue": 5.2886e+16,
          "operating_income": 2983000000000000.0,
          "nopat": 2983000000000000.0,
          "invested_capital": 3.9973e+16,
          "reported_roic": 0.2985,
          "goodwill": 1.3944e+16,
          "intangibles": 0,
          "leases": 0,
          "adj_invested_capital": 2.6029e+16,
          "restruct_avg": 0.0,
          "adj_nopat": 2983000000000000.0,
          "adj_roic": 0.4584,
          "spread": 0.1599,
          "rev_per_employee": null,
          "capex_intensity": null,
          "fcf_conversion": null,
          "buyback_flag": false,
          "market_cap": null,
          "headcount": null
        },
        "Q3 2018": {
          "revenue": 5.6576e+16,
          "operating_income": 3724000000000000.0,
          "nopat": 3351600000000000.0,
          "invested_capital": 4.3573e+16,
          "reported_roic": 0.3077,
          "goodwill": 1.4553e+16,
          "intangibles": 0,
          "leases": 0,
          "adj_invested_capital": 2.902e+16,
          "restruct_avg": 0.0,
          "adj_nopat": 3351600000000000.0,
          "adj_roic": 0.462,
          "spread": 0.1543,
          "rev_per_employee": null,
          "capex_intensity": null,
          "fcf_conversion": null,
          "buyback_flag": false,
          "market_cap": null,
          "headcount": null
        },
        "Q4 2018": {
          "revenue": 7.2383e+16,
          "operating_income": 3786000000000000.0,
          "nopat": 3407400000000000.0,
          "invested_capital": 3.8135e+16,
          "reported_roic": 0.3574,
          "goodwill": 1.4548e+16,
          "intangibles": 4110000000000000.0,
          "leases": 0,
          "adj_invested_capital": 1.9477e+16,
          "restruct_avg": 0.0,
          "adj_nopat": 3407400000000000.0,
          "adj_roic": 0.6998,
          "spread": 0.3424,
          "rev_per_employee": null,
          "capex_intensity": null,
          "fcf_conversion": null,
          "buyback_flag": false,
          "market_cap": null,
          "headcount": null
        },
        "Q1 2019": {
          "revenue": 5.97e+16,
          "operating_income": 4420000000000000.0,
          "nopat": 3536000000000000.0,
          "invested_capital": 5.1934e+16,
          "reported_roic": 0.2723,
          "goodwill": 1.4708e+16,
          "intangibles": 0,
          "leases": 0,
          "adj_invested_capital": 3.7226e+16,
          "restruct_avg": 0.0,
          "adj_nopat": 3536000000000000.0,
          "adj_roic": 0.3799,
          "spread": 0.1076,
          "rev_per_employee": null,
          "capex_intensity": null,
          "fcf_conversion": null,
          "buyback_flag": false,
          "market_cap": null,
          "headcount": null
        },
        "Q2 2019": {
          "revenue": 6.3404e+16,
          "operating_income": 3084000000000000.0,
          "nopat": 2775600000000000.0,
          "invested_capital": 5.7147e+16,
          "reported_roic": 0.1943,
          "goodwill": 1.4727e+16,
          "intangibles": 0,
          "leases": 0,
          "adj_invested_capital": 4.242e+16,
          "restruct_avg": 0.0,
          "adj_nopat": 2775600000000000.0,
          "adj_roic": 0.2617,
          "spread": 0.0674,
          "rev_per_employee": null,
          "capex_intensity": null,
          "fcf_conversion": null,
          "buyback_flag": false,
          "market_cap": null,
          "headcount": null
        },
        "Q3 2019": {
          "revenue": 6.9981e+16,
          "operating_income": 3157000000000000.0,
          "nopat": 2525600000000000.0,
          "invested_capital": 6.1505e+16,
          "reported_roic": 0.1643,
          "goodwill": 1.4734e+16,
          "intangibles": 0,
          "leases": 0,
          "adj_invested_capital": 4.6771e+16,
          "restruct_avg": 0.0,
          "adj_nopat": 2525600000000000.0,
          "adj_roic": 0.216,
          "spread": 0.0517,
          "rev_per_employee": null,
          "capex_intensity": null,
          "fcf_conversion": null,
          "buyback_flag": false,
          "market_cap": null,
          "headcount": null
        },
        "Q4 2019": {
          "revenue": 8.7437e+16,
          "operating_income": 3879000000000000.0,
          "nopat": 3103200000000000.0,
          "invested_capital": 5.2093e+16,
          "reported_roic": 0.2383,
          "goodwill": 1.4754e+16,
          "intangibles": 4049000000000000.0,
          "leases": 0,
          "adj_invested_capital": 3.329e+16,
          "restruct_avg": 0.0,
          "adj_nopat": 3103200000000000.0,
          "adj_roic": 0.3729,
          "spread": 0.1346,
          "rev_per_employee": null,
          "capex_intensity": null,
          "fcf_conversion": null,
          "buyback_flag": false,
          "market_cap": null,
          "headcount": null
        },
        "Q1 2020": {
          "revenue": 7.5452e+16,
          "operating_income": 3989000000000000.0,
          "nopat": 3191200000000000.0,
          "invested_capital": 6.4231e+16,
          "reported_roic": 0.1987,
          "goodwill": 1.4739e+16,
          "intangibles": 0,
          "leases": 0,
          "adj_invested_capital": 4.9492e+16,
          "restruct_avg": 0.0,
          "adj_nopat": 3191200000000000.0,
          "adj_roic": 0.2579,
          "spread": 0.0592,
          "rev_per_employee": null,
          "capex_intensity": null,
          "fcf_conversion": null,
          "buyback_flag": false,
          "market_cap": null,
          "headcount": null
        },
        "Q2 2020": {
          "revenue": 8.8912e+16,
          "operating_income": 5843000000000000.0,
          "nopat": 4674400000000000.0,
          "invested_capital": 7.1902e+16,
          "reported_roic": 0.26,
          "goodwill": 1.4751e+16,
          "intangibles": 0,
          "leases": 0,
          "adj_invested_capital": 5.7151e+16,
          "restruct_avg": 0.0,
          "adj_nopat": 4674400000000000.0,
          "adj_roic": 0.3272,
          "spread": 0.0671,
          "rev_per_employee": null,
          "capex_intensity": null,
          "fcf_conversion": null,
          "buyback_flag": false,
          "market_cap": null,
          "headcount": null
        },
        "Q3 2020": {
          "revenue": 9.6145e+16,
          "operating_income": 6194000000000000.0,
          "nopat": 5574600000000000.0,
          "invested_capital": 8.6288e+16,
          "reported_roic": 0.2584,
          "goodwill": 1.496e+16,
          "intangibles": 0,
          "leases": 0,
          "adj_invested_capital": 7.1328e+16,
          "restruct_avg": 0.0,
          "adj_nopat": 5574600000000000.0,
          "adj_roic": 0.3126,
          "spread": 0.0542,
          "rev_per_employee": null,
          "capex_intensity": null,
          "fcf_conversion": null,
          "buyback_flag": false,
          "market_cap": null,
          "headcount": null
        },
        "Q4 2020": {
          "revenue": 1.25555e+17,
          "operating_income": 6873000000000000.0,
          "nopat": 6185700000000000.0,
          "invested_capital": 8.5611e+16,
          "reported_roic": 0.289,
          "goodwill": 1.5017e+16,
          "intangibles": 4981000000000000.0,
          "leases": 0,
          "adj_invested_capital": 6.5613e+16,
          "restruct_avg": 0.0,
          "adj_nopat": 6185700000000000.0,
          "adj_roic": 0.3771,
          "spread": 0.0881,
          "rev_per_employee": null,
          "capex_intensity": null,
          "fcf_conversion": null,
          "buyback_flag": false,
          "market_cap": null,
          "headcount": null
        },
        "Q1 2021": {
          "revenue": 1.08518e+17,
          "operating_income": 8865000000000000.0,
          "nopat": 7092000000000000.0,
          "invested_capital": 1.03869e+17,
          "reported_roic": 0.2731,
          "goodwill": 1.522e+16,
          "intangibles": 0,
          "leases": 0,
          "adj_invested_capital": 8.8649e+16,
          "restruct_avg": 0.0,
          "adj_nopat": 7092000000000000.0,
          "adj_roic": 0.32,
          "spread": 0.0469,
          "rev_per_employee": null,
          "capex_intensity": null,
          "fcf_conversion": null,
          "buyback_flag": false,
          "market_cap": null,
          "headcount": null
        },
        "Q2 2021": {
          "revenue": 1.1308e+17,
          "operating_income": 7702000000000000.0,
          "nopat": 6931800000000000.0,
          "invested_capital": 1.27343e+17,
          "reported_roic": 0.2177,
          "goodwill": 1.535e+16,
          "intangibles": 0,
          "leases": 0,
          "adj_invested_capital": 1.11993e+17,
          "restruct_avg": 0.0,
          "adj_nopat": 6931800000000000.0,
          "adj_roic": 0.2476,
          "spread": 0.0298,
          "rev_per_employee": null,
          "capex_intensity": null,
          "fcf_conversion": null,
          "buyback_flag": false,
          "market_cap": null,
          "headcount": null
        },
        "Q3 2021": {
          "revenue": 1.10812e+17,
          "operating_income": 4852000000000000.0,
          "nopat": 3396400000000000.0,
          "invested_capital": 1.42996e+17,
          "reported_roic": 0.095,
          "goodwill": 1.5345e+16,
          "intangibles": 0,
          "leases": 0,
          "adj_invested_capital": 1.27651e+17,
          "restruct_avg": 0.0,
          "adj_nopat": 3396400000000000.0,
          "adj_roic": 0.1064,
          "spread": 0.0114,
          "rev_per_employee": null,
          "capex_intensity": null,
          "fcf_conversion": null,
          "buyback_flag": false,
          "market_cap": null,
          "headcount": null
        },
        "Q4 2021": {
          "revenue": 1.37412e+17,
          "operating_income": 3460000000000000.0,
          "nopat": 3460000000000000.0,
          "invested_capital": 1.54387e+17,
          "reported_roic": 0.0896,
          "goodwill": 1.5371e+16,
          "intangibles": 5107000000000000.0,
          "leases": 0,
          "adj_invested_capital": 1.33909e+17,
          "restruct_avg": 0.0,
          "adj_nopat": 3460000000000000.0,
          "adj_roic": 0.1034,
          "spread": 0.0137,
          "rev_per_employee": null,
          "capex_intensity": null,
          "fcf_conversion": null,
          "buyback_flag": false,
          "market_cap": null,
          "headcount": null
        },
        "Q1 2022": {
          "revenue": 1.16444e+17,
          "operating_income": 3669000000000000.0,
          "nopat": 2568300000000000.0,
          "invested_capital": 1.50842e+17,
          "reported_roic": 0.0681,
          "goodwill": 2.0229e+16,
          "intangibles": 0,
          "leases": 0,
          "adj_invested_capital": 1.30613e+17,
          "restruct_avg": 0.0,
          "adj_nopat": 2568300000000000.0,
          "adj_roic": 0.0787,
          "spread": 0.0105,
          "rev_per_employee": null,
          "capex_intensity": null,
          "fcf_conversion": null,
          "buyback_flag": true,
          "market_cap": null,
          "headcount": null
        },
        "Q2 2022": {
          "revenue": 1.21234e+17,
          "operating_income": 3317000000000000.0,
          "nopat": 2653600000000000.0,
          "invested_capital": 1.62592e+17,
          "reported_roic": 0.0653,
          "goodwill": 2.0195e+16,
          "intangibles": 0,
          "leases": 0,
          "adj_invested_capital": 1.42397e+17,
          "restruct_avg": 0.0,
          "adj_nopat": 2653600000000000.0,
          "adj_roic": 0.0745,
          "spread": 0.0093,
          "rev_per_employee": null,
          "capex_intensity": null,
          "fcf_conversion": null,
          "buyback_flag": true,
          "market_cap": null,
          "headcount": null
        },
        "Q3 2022": {
          "revenue": 1.27101e+17,
          "operating_income": 2525000000000000.0,
          "nopat": 2525000000000000.0,
          "invested_capital": 1.7143e+17,
          "reported_roic": 0.0589,
          "goodwill": 2.0168e+16,
          "intangibles": 0,
          "leases": 0,
          "adj_invested_capital": 1.51262e+17,
          "restruct_avg": 0.0,
          "adj_nopat": 2525000000000000.0,
          "adj_roic": 0.0668,
          "spread": 0.0079,
          "rev_per_employee": null,
          "capex_intensity": null,
          "fcf_conversion": null,
          "buyback_flag": false,
          "market_cap": null,
          "headcount": null
        },
        "Q1 2023": {
          "revenue": 1.27358e+17,
          "operating_income": 4774000000000000.0,
          "nopat": 3819200000000000.0,
          "invested_capital": 1.77755e+17,
          "reported_roic": 0.0859,
          "goodwill": 2.2749e+16,
          "intangibles": 0,
          "leases": 0,
          "adj_invested_capital": 1.55006e+17,
          "restruct_avg": 0.0,
          "adj_nopat": 3819200000000000.0,
          "adj_roic": 0.0986,
          "spread": 0.0126,
          "rev_per_employee": null,
          "capex_intensity": null,
          "fcf_conversion": null,
          "buyback_flag": false,
          "market_cap": null,
          "headcount": null
        },
        "Q2 2023": {
          "revenue": 1.34383e+17,
          "operating_income": 7681000000000000.0,
          "nopat": 6912900000000000.0,
          "invested_capital": 1.91642e+17,
          "reported_roic": 0.1443,
          "goodwill": 2.2785e+16,
          "intangibles": 0,
          "leases": 0,
          "adj_invested_capital": 1.68857e+17,
          "restruct_avg": 0.0,
          "adj_nopat": 6912900000000000.0,
          "adj_roic": 0.1638,
          "spread": 0.0195,
          "rev_per_employee": null,
          "capex_intensity": null,
          "fcf_conversion": null,
          "buyback_flag": false,
          "market_cap": null,
          "headcount": null
        },
        "Q3 2023": {
          "revenue": 1.43083e+17,
          "operating_income": 1.1188e+16,
          "nopat": 8950400000000000.0,
          "invested_capital": 2.07001e+17,
          "reported_roic": 0.173,
          "goodwill": 2.2749e+16,
          "intangibles": 0,
          "leases": 0,
          "adj_invested_capital": 1.84252e+17,
          "restruct_avg": 0.0,
          "adj_nopat": 8950400000000000.0,
          "adj_roic": 0.1943,
          "spread": 0.0214,
          "rev_per_employee": null,
          "capex_intensity": null,
          "fcf_conversion": null,
          "buyback_flag": false,
          "market_cap": null,
          "headcount": null
        },
        "Q4 2023": {
          "revenue": 1.69961e+17,
          "operating_income": 1.3209e+16,
          "nopat": 1.05672e+16,
          "invested_capital": 2.04311e+17,
          "reported_roic": 0.2069,
          "goodwill": 2.2789e+16,
          "intangibles": 7687000000000000.0,
          "leases": 0,
          "adj_invested_capital": 1.73835e+17,
          "restruct_avg": 0.0,
          "adj_nopat": 1.05672e+16,
          "adj_roic": 0.2432,
          "spread": 0.0363,
          "rev_per_employee": null,
          "capex_intensity": null,
          "fcf_conversion": null,
          "buyback_flag": false,
          "market_cap": null,
          "headcount": null
        },
        "Q1 2024": {
          "revenue": 1.43313e+17,
          "operating_income": 1.5307e+16,
          "nopat": 1.22456e+16,
          "invested_capital": 2.19559e+17,
          "reported_roic": 0.2231,
          "goodwill": 2.277e+16,
          "intangibles": 0,
          "leases": 0,
          "adj_invested_capital": 1.96789e+17,
          "restruct_avg": 0.0,
          "adj_nopat": 1.22456e+16,
          "adj_roic": 0.2489,
          "spread": 0.0258,
          "rev_per_employee": null,
          "capex_intensity": null,
          "fcf_conversion": null,
          "buyback_flag": false,
          "market_cap": null,
          "headcount": null
        },
        "Q2 2024": {
          "revenue": 1.47977e+17,
          "operating_income": 1.4672e+16,
          "nopat": 1.32048e+16,
          "invested_capital": 2.35457e+17,
          "reported_roic": 0.2243,
          "goodwill": 2.2879e+16,
          "intangibles": 0,
          "leases": 0,
          "adj_invested_capital": 2.12578e+17,
          "restruct_avg": 0.0,
          "adj_nopat": 1.32048e+16,
          "adj_roic": 0.2485,
          "spread": 0.0241,
          "rev_per_employee": null,
          "capex_intensity": null,
          "fcf_conversion": null,
          "buyback_flag": false,
          "market_cap": null,
          "headcount": null
        },
        "Q3 2024": {
          "revenue": 1.58877e+17,
          "operating_income": 1.7411e+16,
          "nopat": 1.56699e+16,
          "invested_capital": 2.49896e+17,
          "reported_roic": 0.2508,
          "goodwill": 2.3081e+16,
          "intangibles": 0,
          "leases": 0,
          "adj_invested_capital": 2.26815e+17,
          "restruct_avg": 0.0,
          "adj_nopat": 1.56699e+16,
          "adj_roic": 0.2763,
          "spread": 0.0255,
          "rev_per_employee": null,
          "capex_intensity": null,
          "fcf_conversion": null,
          "buyback_flag": false,
          "market_cap": null,
          "headcount": null
        },
        "Q4 2024": {
          "revenue": 1.87792e+17,
          "operating_income": 2.1203e+16,
          "nopat": 1.90827e+16,
          "invested_capital": 2.70359e+17,
          "reported_roic": 0.2823,
          "goodwill": 2.3074e+16,
          "intangibles": 8602000000000000.0,
          "leases": 0,
          "adj_invested_capital": 2.38683e+17,
          "restruct_avg": 0.0,
          "adj_nopat": 1.90827e+16,
          "adj_roic": 0.3198,
          "spread": 0.0375,
          "rev_per_employee": null,
          "capex_intensity": null,
          "fcf_conversion": null,
          "buyback_flag": false,
          "market_cap": null,
          "headcount": null
        },
        "Q1 2025": {
          "revenue": 1.55667e+17,
          "operating_income": 1.8405e+16,
          "nopat": 1.4724e+16,
          "invested_capital": 3.035e+17,
          "reported_roic": 0.1941,
          "goodwill": 2.3089e+16,
          "intangibles": 0,
          "leases": 0,
          "adj_invested_capital": 2.80411e+17,
          "restruct_avg": 0.0,
          "adj_nopat": 1.4724e+16,
          "adj_roic": 0.21,
          "spread": 0.016,
          "rev_per_employee": null,
          "capex_intensity": null,
          "fcf_conversion": null,
          "buyback_flag": false,
          "market_cap": null,
          "headcount": null
        },
        "Q2 2025": {
          "revenue": 1.67702e+17,
          "operating_income": 1.9171e+16,
          "nopat": 1.72539e+16,
          "invested_capital": 3.37294e+17,
          "reported_roic": 0.2046,
          "goodwill": 2.3155e+16,
          "intangibles": 0,
          "leases": 0,
          "adj_invested_capital": 3.14139e+17,
          "restruct_avg": 0.0,
          "adj_nopat": 1.72539e+16,
          "adj_roic": 0.2197,
          "spread": 0.0151,
          "rev_per_employee": null,
          "capex_intensity": null,
          "fcf_conversion": null,
          "buyback_flag": false,
          "market_cap": null,
          "headcount": null
        },
        "Q3 2025": {
          "revenue": 1.80169e+17,
          "operating_income": 1.7422e+16,
          "nopat": 1.39376e+16,
          "invested_capital": 3.62023e+17,
          "reported_roic": 0.154,
          "goodwill": 2.326e+16,
          "intangibles": 0,
          "leases": 0,
          "adj_invested_capital": 3.38763e+17,
          "restruct_avg": 0.0,
          "adj_nopat": 1.39376e+16,
          "adj_roic": 0.1646,
          "spread": 0.0106,
          "rev_per_employee": null,
          "capex_intensity": null,
          "fcf_conversion": null,
          "buyback_flag": false,
          "market_cap": null,
          "headcount": null
        },
        "Q4 2025": {
          "revenue": 2.13386e+17,
          "operating_income": 2.4977e+16,
          "nopat": 1.99816e+16,
          "invested_capital": 3.96294e+17,
          "reported_roic": 0.2017,
          "goodwill": 2.3273e+16,
          "intangibles": 9197000000000000.0,
          "leases": 0,
          "adj_invested_capital": 3.63824e+17,
          "restruct_avg": 0.0,
          "adj_nopat": 1.99816e+16,
          "adj_roic": 0.2197,
          "spread": 0.018,
          "rev_per_employee": null,
          "capex_intensity": null,
          "fcf_conversion": null,
          "buyback_flag": false,
          "market_cap": null,
          "headcount": null
        }
      }
    },
    "GOOGL": {
      "info": {
        "name": "Alphabet",
        "sector": "Technology",
        "tier": 1
      },
      "quarters": {
        "Q1 2018": {
          "revenue": 3.1146e+16,
          "operating_income": 7001000000000000.0,
          "nopat": 6300900000000000.0,
          "invested_capital": 1.5344e+17,
          "reported_roic": 0.1643,
          "goodwill": 1.7862e+16,
          "intangibles": 2809000000000000.0,
          "leases": 0,
          "adj_invested_capital": 1.32769e+17,
          "restruct_avg": 0.0,
          "adj_nopat": 6300900000000000.0,
          "adj_roic": 0.1898,
          "spread": 0.0256,
          "rev_per_employee": null,
          "capex_intensity": 0.2343,
          "fcf_conversion": 0.6893,
          "buyback_flag": true,
          "market_cap": null,
          "headcount": null
        },
        "Q2 2018": {
          "revenue": 3.2657e+16,
          "operating_income": 2807000000000000.0,
          "nopat": 2526300000000000.0,
          "invested_capital": 1.51833e+17,
          "reported_roic": 0.0666,
          "goodwill": 1.7895e+16,
          "intangibles": 2662000000000000.0,
          "leases": 0,
          "adj_invested_capital": 1.31276e+17,
          "restruct_avg": 0.0,
          "adj_nopat": 2526300000000000.0,
          "adj_roic": 0.077,
          "spread": 0.0104,
          "rev_per_employee": null,
          "capex_intensity": 0.1677,
          "fcf_conversion": 1.8426,
          "buyback_flag": true,
          "market_cap": null,
          "headcount": null
        },
        "Q3 2018": {
          "revenue": 3.374e+16,
          "operating_income": 8310000000000000.0,
          "nopat": 7479000000000000.0,
          "invested_capital": 1.60383e+17,
          "reported_roic": 0.1865,
          "goodwill": 1.7895e+16,
          "intangibles": 2448000000000000.0,
          "leases": 0,
          "adj_invested_capital": 1.4004e+17,
          "restruct_avg": 0.0,
          "adj_nopat": 7479000000000000.0,
          "adj_roic": 0.2136,
          "spread": 0.0271,
          "rev_per_employee": null,
          "capex_intensity": 0.1566,
          "fcf_conversion": null,
          "buyback_flag": false,
          "market_cap": null,
          "headcount": null
        },
        "Q1 2019": {
          "revenue": 3.6339e+16,
          "operating_income": 6608000000000000.0,
          "nopat": 5286400000000000.0,
          "invested_capital": 1.6839e+17,
          "reported_roic": 0.1256,
          "goodwill": 1.7943e+16,
          "intangibles": 2063000000000000.0,
          "leases": 0,
          "adj_invested_capital": 1.48384e+17,
          "restruct_avg": 0.0,
          "adj_nopat": 5286400000000000.0,
          "adj_roic": 0.1425,
          "spread": 0.0169,
          "rev_per_employee": null,
          "capex_intensity": 0.1276,
          "fcf_conversion": 1.3926,
          "buyback_flag": true,
          "market_cap": null,
          "headcount": null
        },
        "Q2 2019": {
          "revenue": 3.8944e+16,
          "operating_income": 9180000000000000.0,
          "nopat": 9180000000000000.0,
          "invested_capital": 1.79679e+17,
          "reported_roic": 0.2044,
          "goodwill": 1.8e+16,
          "intangibles": 1902000000000000.0,
          "leases": 0,
          "adj_invested_capital": 1.59777e+17,
          "restruct_avg": 0.0,
          "adj_nopat": 9180000000000000.0,
          "adj_roic": 0.2298,
          "spread": 0.0255,
          "rev_per_employee": null,
          "capex_intensity": 0.1573,
          "fcf_conversion": 0.7082,
          "buyback_flag": true,
          "market_cap": null,
          "headcount": null
        },
        "Q3 2019": {
          "revenue": 4.0499e+16,
          "operating_income": 9177000000000000.0,
          "nopat": 7341600000000000.0,
          "invested_capital": 1.83019e+17,
          "reported_roic": 0.1605,
          "goodwill": 1.8069e+16,
          "intangibles": 1747000000000000.0,
          "leases": 0,
          "adj_invested_capital": 1.63203e+17,
          "restruct_avg": 0.0,
          "adj_nopat": 7341600000000000.0,
          "adj_roic": 0.1799,
          "spread": 0.0195,
          "rev_per_employee": null,
          "capex_intensity": 0.1662,
          "fcf_conversion": null,
          "buyback_flag": false,
          "market_cap": null,
          "headcount": null
        },
        "Q2 2020": {
          "revenue": 3.8297e+16,
          "operating_income": 6383000000000000.0,
          "nopat": 5106400000000000.0,
          "invested_capital": 1.93598e+17,
          "reported_roic": 0.1055,
          "goodwill": 2.0824e+16,
          "intangibles": 1697000000000000.0,
          "leases": 0,
          "adj_invested_capital": 1.71077e+17,
          "restruct_avg": 0.0,
          "adj_nopat": 5106400000000000.0,
          "adj_roic": 0.1194,
          "spread": 0.0139,
          "rev_per_employee": null,
          "capex_intensity": 0.1408,
          "fcf_conversion": 1.6846,
          "buyback_flag": true,
          "market_cap": null,
          "headcount": null
        },
        "Q3 2020": {
          "revenue": 4.6173e+16,
          "operating_income": 1.1213e+16,
          "nopat": 8970400000000000.0,
          "invested_capital": 2.07692e+17,
          "reported_roic": 0.1728,
          "goodwill": 2.087e+16,
          "intangibles": 1520000000000000.0,
          "leases": 0,
          "adj_invested_capital": 1.85302e+17,
          "restruct_avg": 0.0,
          "adj_nopat": 8970400000000000.0,
          "adj_roic": 0.1936,
          "spread": 0.0209,
          "rev_per_employee": null,
          "capex_intensity": 0.1171,
          "fcf_conversion": null,
          "buyback_flag": false,
          "market_cap": null,
          "headcount": null
        },
        "Q4 2020": {
          "revenue": 5.6898e+16,
          "operating_income": 1.5651e+16,
          "nopat": 1.5651e+16,
          "invested_capital": 2.1101e+17,
          "reported_roic": 0.2967,
          "goodwill": 2.1175e+16,
          "intangibles": 1445000000000000.0,
          "leases": 0,
          "adj_invested_capital": 1.8839e+17,
          "restruct_avg": 0.0,
          "adj_nopat": 1.5651e+16,
          "adj_roic": 0.3323,
          "spread": 0.0356,
          "rev_per_employee": null,
          "capex_intensity": 0.0963,
          "fcf_conversion": 1.0988,
          "buyback_flag": true,
          "market_cap": null,
          "headcount": null
        },
        "Q1 2021": {
          "revenue": 5.5314e+16,
          "operating_income": 1.6437e+16,
          "nopat": 1.31496e+16,
          "invested_capital": 2.18278e+17,
          "reported_roic": 0.241,
          "goodwill": 2.2341e+16,
          "intangibles": 1823000000000000.0,
          "leases": 0,
          "adj_invested_capital": 1.94114e+17,
          "restruct_avg": 0.0,
          "adj_nopat": 1.31496e+16,
          "adj_roic": 0.271,
          "spread": 0.03,
          "rev_per_employee": null,
          "capex_intensity": 0.1074,
          "fcf_conversion": 1.015,
          "buyback_flag": true,
          "market_cap": null,
          "headcount": null
        },
        "Q2 2021": {
          "revenue": 6.188e+16,
          "operating_income": 1.9361e+16,
          "nopat": 1.54888e+16,
          "invested_capital": 2.28263e+17,
          "reported_roic": 0.2714,
          "goodwill": 2.2406e+16,
          "intangibles": 1626000000000000.0,
          "leases": 0,
          "adj_invested_capital": 2.04231e+17,
          "restruct_avg": 0.0,
          "adj_nopat": 1.54888e+16,
          "adj_roic": 0.3034,
          "spread": 0.0319,
          "rev_per_employee": null,
          "capex_intensity": 0.0888,
          "fcf_conversion": 1.0584,
          "buyback_flag": true,
          "market_cap": null,
          "headcount": null
        },
        "Q3 2021": {
          "revenue": 6.5118e+16,
          "operating_income": 2.1031e+16,
          "nopat": 1.68248e+16,
          "invested_capital": 2.35136e+17,
          "reported_roic": 0.2862,
          "goodwill": 2.2623e+16,
          "intangibles": 1549000000000000.0,
          "leases": 0,
          "adj_invested_capital": 2.10964e+17,
          "restruct_avg": 0.0,
          "adj_nopat": 1.68248e+16,
          "adj_roic": 0.319,
          "spread": 0.0328,
          "rev_per_employee": null,
          "capex_intensity": null,
          "fcf_conversion": null,
          "buyback_flag": false,
          "market_cap": null,
          "headcount": null
        },
        "Q4 2021": {
          "revenue": 7.5325e+16,
          "operating_income": 2.1885e+16,
          "nopat": 2.1885e+16,
          "invested_capital": 2.45507e+17,
          "reported_roic": 0.3566,
          "goodwill": 2.2956e+16,
          "intangibles": 1417000000000000.0,
          "leases": 0,
          "adj_invested_capital": 2.21134e+17,
          "restruct_avg": 0.0,
          "adj_nopat": 2.1885e+16,
          "adj_roic": 0.3959,
          "spread": 0.0393,
          "rev_per_employee": null,
          "capex_intensity": 0.0847,
          "fcf_conversion": 0.8477,
          "buyback_flag": true,
          "market_cap": null,
          "headcount": null
        },
        "Q1 2022": {
          "revenue": 6.8011e+16,
          "operating_income": 2.0094e+16,
          "nopat": 1.80846e+16,
          "invested_capital": 2.47909e+17,
          "reported_roic": 0.2918,
          "goodwill": 2.301e+16,
          "intangibles": 1313000000000000.0,
          "leases": 0,
          "adj_invested_capital": 2.23586e+17,
          "restruct_avg": 0.0,
          "adj_nopat": 1.80846e+16,
          "adj_roic": 0.3235,
          "spread": 0.0317,
          "rev_per_employee": null,
          "capex_intensity": 0.1439,
          "fcf_conversion": 0.8471,
          "buyback_flag": true,
          "market_cap": null,
          "headcount": null
        },
        "Q2 2022": {
          "revenue": 6.9685e+16,
          "operating_income": 1.9453e+16,
          "nopat": 1.55624e+16,
          "invested_capital": 2.52217e+17,
          "reported_roic": 0.2468,
          "goodwill": 2.3949e+16,
          "intangibles": 1377000000000000.0,
          "leases": 0,
          "adj_invested_capital": 2.26891e+17,
          "restruct_avg": 0.0,
          "adj_nopat": 1.55624e+16,
          "adj_roic": 0.2744,
          "spread": 0.0275,
          "rev_per_employee": null,
          "capex_intensity": 0.098,
          "fcf_conversion": 0.8093,
          "buyback_flag": true,
          "market_cap": null,
          "headcount": null
        },
        "Q3 2022": {
          "revenue": 6.9092e+16,
          "operating_income": 1.7135e+16,
          "nopat": 1.54215e+16,
          "invested_capital": 2.46295e+17,
          "reported_roic": 0.2505,
          "goodwill": 2.8834e+16,
          "intangibles": 2192000000000000.0,
          "leases": 0,
          "adj_invested_capital": 2.15269e+17,
          "restruct_avg": 0.0,
          "adj_nopat": 1.54215e+16,
          "adj_roic": 0.2866,
          "spread": 0.0361,
          "rev_per_employee": null,
          "capex_intensity": null,
          "fcf_conversion": null,
          "buyback_flag": false,
          "market_cap": null,
          "headcount": null
        },
        "Q4 2022": {
          "revenue": 7.6048e+16,
          "operating_income": 1.816e+16,
          "nopat": 1.816e+16,
          "invested_capital": 2.48966e+17,
          "reported_roic": 0.2918,
          "goodwill": 2.896e+16,
          "intangibles": 2084000000000000.0,
          "leases": 0,
          "adj_invested_capital": 2.17922e+17,
          "restruct_avg": 0.0,
          "adj_nopat": 1.816e+16,
          "adj_roic": 0.3333,
          "spread": 0.0416,
          "rev_per_employee": null,
          "capex_intensity": 0.0999,
          "fcf_conversion": 0.8821,
          "buyback_flag": true,
          "market_cap": null,
          "headcount": null
        },
        "Q1 2023": {
          "revenue": 6.9787e+16,
          "operating_income": 1.7415e+16,
          "nopat": 1.3932e+16,
          "invested_capital": 2.49666e+17,
          "reported_roic": 0.2232,
          "goodwill": 2.8994e+16,
          "intangibles": 1968000000000000.0,
          "leases": 0,
          "adj_invested_capital": 2.18704e+17,
          "restruct_avg": 639500000000000.0,
          "adj_nopat": 1.34204e+16,
          "adj_roic": 0.2455,
          "spread": 0.0222,
          "rev_per_employee": null,
          "capex_intensity": 0.0901,
          "fcf_conversion": 1.2831,
          "buyback_flag": true,
          "market_cap": null,
          "headcount": null
        },
        "Q2 2023": {
          "revenue": 7.4604e+16,
          "operating_income": 2.1838e+16,
          "nopat": 1.74704e+16,
          "invested_capital": 2.55916e+17,
          "reported_roic": 0.2731,
          "goodwill": 2.921e+16,
          "intangibles": 1966000000000000.0,
          "leases": 0,
          "adj_invested_capital": 2.2474e+17,
          "restruct_avg": 657000000000000.0,
          "adj_nopat": 1.69448e+16,
          "adj_roic": 0.3016,
          "spread": 0.0285,
          "rev_per_employee": null,
          "capex_intensity": 0.0923,
          "fcf_conversion": 1.2852,
          "buyback_flag": true,
          "market_cap": null,
          "headcount": null
        },
        "Q3 2023": {
          "revenue": 7.6693e+16,
          "operating_income": 2.1343e+16,
          "nopat": 1.92087e+16,
          "invested_capital": 2.57281e+17,
          "reported_roic": 0.2986,
          "goodwill": 2.9146e+16,
          "intangibles": 1833000000000000.0,
          "leases": 0,
          "adj_invested_capital": 2.26302e+17,
          "restruct_avg": 682500000000000.0,
          "adj_nopat": 1.859445e+16,
          "adj_roic": 0.3287,
          "spread": 0.03,
          "rev_per_employee": null,
          "capex_intensity": null,
          "fcf_conversion": null,
          "buyback_flag": false,
          "market_cap": null,
          "headcount": null
        },
        "Q4 2023": {
          "revenue": 8.631e+16,
          "operating_income": 2.3697e+16,
          "nopat": 2.3697e+16,
          "invested_capital": 2.72201e+17,
          "reported_roic": 0.3482,
          "goodwill": 2.9198e+16,
          "intangibles": 0,
          "leases": 0,
          "adj_invested_capital": 2.43003e+17,
          "restruct_avg": 983250000000000.0,
          "adj_nopat": 2.271375e+16,
          "adj_roic": 0.3739,
          "spread": 0.0257,
          "rev_per_employee": null,
          "capex_intensity": 0.1277,
          "fcf_conversion": 0.3476,
          "buyback_flag": true,
          "market_cap": null,
          "headcount": null
        },
        "Q1 2024": {
          "revenue": 8.0539e+16,
          "operating_income": 2.5472e+16,
          "nopat": 2.03776e+16,
          "invested_capital": 2.81579e+17,
          "reported_roic": 0.2895,
          "goodwill": 2.9183e+16,
          "intangibles": 0,
          "leases": 0,
          "adj_invested_capital": 2.52396e+17,
          "restruct_avg": 343750000000000.0,
          "adj_nopat": 2.01026e+16,
          "adj_roic": 0.3186,
          "spread": 0.0291,
          "rev_per_employee": null,
          "capex_intensity": 0.1491,
          "fcf_conversion": 0.8375,
          "buyback_flag": true,
          "market_cap": null,
          "headcount": null
        },
        "Q2 2024": {
          "revenue": 8.4742e+16,
          "operating_income": 2.7425e+16,
          "nopat": 2.46825e+16,
          "invested_capital": 2.86766e+17,
          "reported_roic": 0.3443,
          "goodwill": 2.9185e+16,
          "intangibles": 0,
          "leases": 0,
          "adj_invested_capital": 2.57581e+17,
          "restruct_avg": 326250000000000.0,
          "adj_nopat": 2.4388875e+16,
          "adj_roic": 0.3787,
          "spread": 0.0344,
          "rev_per_employee": null,
          "capex_intensity": 0.1556,
          "fcf_conversion": 0.5516,
          "buyback_flag": true,
          "market_cap": null,
          "headcount": null
        },
        "Q3 2024": {
          "revenue": 8.8268e+16,
          "operating_income": 2.8521e+16,
          "nopat": 2.28168e+16,
          "invested_capital": 3.08456e+17,
          "reported_roic": 0.2959,
          "goodwill": 3.1935e+16,
          "intangibles": 0,
          "leases": 0,
          "adj_invested_capital": 2.76521e+17,
          "restruct_avg": 300750000000000.0,
          "adj_nopat": 2.25762e+16,
          "adj_roic": 0.3266,
          "spread": 0.0307,
          "rev_per_employee": null,
          "capex_intensity": null,
          "fcf_conversion": null,
          "buyback_flag": false,
          "market_cap": null,
          "headcount": null
        },
        "Q4 2024": {
          "revenue": 9.6469e+16,
          "operating_income": 3.0972e+16,
          "nopat": 3.0972e+16,
          "invested_capital": 3.158e+17,
          "reported_roic": 0.3923,
          "goodwill": 3.1885e+16,
          "intangibles": 0,
          "leases": 0,
          "adj_invested_capital": 2.83915e+17,
          "restruct_avg": 0.0,
          "adj_nopat": 3.0972e+16,
          "adj_roic": 0.4364,
          "spread": 0.0441,
          "rev_per_employee": null,
          "capex_intensity": 0.148,
          "fcf_conversion": 0.8019,
          "buyback_flag": true,
          "market_cap": null,
          "headcount": null
        },
        "Q1 2025": {
          "revenue": 9.0234e+16,
          "operating_income": 3.0606e+16,
          "nopat": 2.44848e+16,
          "invested_capital": 3.36389e+17,
          "reported_roic": 0.2911,
          "goodwill": 3.2173e+16,
          "intangibles": 0,
          "leases": 0,
          "adj_invested_capital": 3.04216e+17,
          "restruct_avg": 0.0,
          "adj_nopat": 2.44848e+16,
          "adj_roic": 0.3219,
          "spread": 0.0308,
          "rev_per_employee": null,
          "capex_intensity": 0.1906,
          "fcf_conversion": 0.7741,
          "buyback_flag": true,
          "market_cap": null,
          "headcount": null
        },
        "Q2 2025": {
          "revenue": null,
          "operating_income": 3.1271e+16,
          "nopat": 2.50168e+16,
          "invested_capital": 3.4588e+17,
          "reported_roic": 0.2893,
          "goodwill": 3.2335e+16,
          "intangibles": 0,
          "leases": 0,
          "adj_invested_capital": 3.13545e+17,
          "restruct_avg": 0.0,
          "adj_nopat": 2.50168e+16,
          "adj_roic": 0.3191,
          "spread": 0.0298,
          "rev_per_employee": null,
          "capex_intensity": null,
          "fcf_conversion": 0.2119,
          "buyback_flag": true,
          "market_cap": null,
          "headcount": null
        },
        "Q3 2025": {
          "revenue": null,
          "operating_income": 3.1228e+16,
          "nopat": 2.49824e+16,
          "invested_capital": 3.68772e+17,
          "reported_roic": 0.271,
          "goodwill": 3.3269e+16,
          "intangibles": 0,
          "leases": 0,
          "adj_invested_capital": 3.35503e+17,
          "restruct_avg": 0.0,
          "adj_nopat": 2.49824e+16,
          "adj_roic": 0.2979,
          "spread": 0.0269,
          "rev_per_employee": null,
          "capex_intensity": null,
          "fcf_conversion": null,
          "buyback_flag": false,
          "market_cap": null,
          "headcount": null
        },
        "Q4 2025": {
          "revenue": null,
          "operating_income": 3.5934e+16,
          "nopat": 3.5934e+16,
          "invested_capital": 3.86553e+17,
          "reported_roic": 0.3718,
          "goodwill": 3.338e+16,
          "intangibles": 0,
          "leases": 0,
          "adj_invested_capital": 3.53173e+17,
          "restruct_avg": 0.0,
          "adj_nopat": 3.5934e+16,
          "adj_roic": 0.407,
          "spread": 0.0351,
          "rev_per_employee": null,
          "capex_intensity": null,
          "fcf_conversion": 0.6832,
          "buyback_flag": false,
          "market_cap": null,
          "headcount": null
        }
      }
    },
    "META": {
      "info": {
        "name": "Meta Platforms",
        "sector": "Technology",
        "tier": 1
      },
      "quarters": {
        "Q4 2022": {
          "revenue": 3.2165e+16,
          "operating_income": 6399000000000000.0,
          "nopat": 5119200000000000.0,
          "invested_capital": 1.20955e+17,
          "reported_roic": 0.1693,
          "goodwill": 2.0306e+16,
          "intangibles": 897000000000000.0,
          "leases": 0,
          "adj_invested_capital": 9.9752e+16,
          "restruct_avg": 0.0,
          "adj_nopat": 5119200000000000.0,
          "adj_roic": 0.2053,
          "spread": 0.036,
          "rev_per_employee": null,
          "capex_intensity": 0.2735,
          "fcf_conversion": 1.116,
          "buyback_flag": true,
          "market_cap": null,
          "headcount": null
        },
        "Q1 2023": {
          "revenue": 2.8645e+16,
          "operating_income": 7227000000000000.0,
          "nopat": 5781600000000000.0,
          "invested_capital": 1.23169e+17,
          "reported_roic": 0.1878,
          "goodwill": 2.0649e+16,
          "intangibles": 949000000000000.0,
          "leases": 0,
          "adj_invested_capital": 1.01571e+17,
          "restruct_avg": 0.0,
          "adj_nopat": 5781600000000000.0,
          "adj_roic": 0.2277,
          "spread": 0.0399,
          "rev_per_employee": null,
          "capex_intensity": 0.2389,
          "fcf_conversion": 1.2377,
          "buyback_flag": true,
          "market_cap": null,
          "headcount": null
        },
        "Q2 2023": {
          "revenue": 3.1999e+16,
          "operating_income": 9392000000000000.0,
          "nopat": 7513600000000000.0,
          "invested_capital": 1.2363e+17,
          "reported_roic": 0.2431,
          "goodwill": 2.0659e+16,
          "intangibles": 856000000000000.0,
          "leases": 0,
          "adj_invested_capital": 1.02115e+17,
          "restruct_avg": 0.0,
          "adj_nopat": 7513600000000000.0,
          "adj_roic": 0.2943,
          "spread": 0.0512,
          "rev_per_employee": null,
          "capex_intensity": 0.1911,
          "fcf_conversion": 1.4898,
          "buyback_flag": false,
          "market_cap": null,
          "headcount": null
        },
        "Q3 2023": {
          "revenue": 3.4146e+16,
          "operating_income": 1.3748e+16,
          "nopat": 1.09984e+16,
          "invested_capital": 1.24366e+17,
          "reported_roic": 0.3537,
          "goodwill": 2.0668e+16,
          "intangibles": 813000000000000.0,
          "leases": 0,
          "adj_invested_capital": 1.02885e+17,
          "restruct_avg": 0.0,
          "adj_nopat": 1.09984e+16,
          "adj_roic": 0.4276,
          "spread": 0.0739,
          "rev_per_employee": null,
          "capex_intensity": null,
          "fcf_conversion": null,
          "buyback_flag": false,
          "market_cap": null,
          "headcount": null
        },
        "Q4 2023": {
          "revenue": 4.0111e+16,
          "operating_income": 1.6384e+16,
          "nopat": 1.31072e+16,
          "invested_capital": 1.29691e+17,
          "reported_roic": 0.4043,
          "goodwill": 2.0654e+16,
          "intangibles": 788000000000000.0,
          "leases": 0,
          "adj_invested_capital": 1.08249e+17,
          "restruct_avg": 0.0,
          "adj_nopat": 1.31072e+16,
          "adj_roic": 0.4843,
          "spread": 0.0801,
          "rev_per_employee": null,
          "capex_intensity": 0.1893,
          "fcf_conversion": 0.9012,
          "buyback_flag": true,
          "market_cap": null,
          "headcount": null
        },
        "Q3 2024": {
          "revenue": 4.0589e+16,
          "operating_income": 1.735e+16,
          "nopat": 1.5615e+16,
          "invested_capital": 1.495e+17,
          "reported_roic": 0.4178,
          "goodwill": 2.0654e+16,
          "intangibles": 973000000000000.0,
          "leases": 0,
          "adj_invested_capital": 1.27873e+17,
          "restruct_avg": 0.0,
          "adj_nopat": 1.5615e+16,
          "adj_roic": 0.4885,
          "spread": 0.0707,
          "rev_per_employee": null,
          "capex_intensity": null,
          "fcf_conversion": null,
          "buyback_flag": false,
          "market_cap": null,
          "headcount": null
        },
        "Q4 2024": {
          "revenue": 4.8385e+16,
          "operating_income": 2.3364e+16,
          "nopat": 2.10276e+16,
          "invested_capital": 1.67574e+17,
          "reported_roic": 0.5019,
          "goodwill": 2.0654e+16,
          "intangibles": 915000000000000.0,
          "leases": 0,
          "adj_invested_capital": 1.46005e+17,
          "restruct_avg": 0.0,
          "adj_nopat": 2.10276e+16,
          "adj_roic": 0.5761,
          "spread": 0.0741,
          "rev_per_employee": null,
          "capex_intensity": 0.2981,
          "fcf_conversion": 0.645,
          "buyback_flag": false,
          "market_cap": null,
          "headcount": null
        },
        "Q4 2025": {
          "revenue": 5.9893e+16,
          "operating_income": 2.4745e+16,
          "nopat": 2.22705e+16,
          "invested_capital": 2.40114e+17,
          "reported_roic": 0.371,
          "goodwill": 2.4534e+16,
          "intangibles": 3692000000000000.0,
          "leases": 0,
          "adj_invested_capital": 2.11888e+17,
          "restruct_avg": 0.0,
          "adj_nopat": 2.22705e+16,
          "adj_roic": 0.4204,
          "spread": 0.0494,
          "rev_per_employee": null,
          "capex_intensity": 0.357,
          "fcf_conversion": 0.6659,
          "buyback_flag": false,
          "market_cap": null,
          "headcount": null
        }
      }
    },
    "IBM": {
      "info": {
        "name": "IBM",
        "sector": "Technology",
        "tier": 1
      },
      "quarters": {
        "Q1 2016": {
          "revenue": 1.8684e+16,
          "operating_income": 1034000000000000.0,
          "nopat": 2068000000000000.0,
          "invested_capital": 5571000000000000.0,
          "reported_roic": 1.4848,
          "goodwill": 3.4322e+16,
          "intangibles": 4373000000000000.0,
          "leases": 0,
          "adj_invested_capital": -3.3124e+16,
          "restruct_avg": 0.0,
          "adj_nopat": 2068000000000000.0,
          "adj_roic": -0.2497,
          "spread": -1.7346,
          "rev_per_employee": null,
          "capex_intensity": 0.0512,
          "fcf_conversion": 2.2118,
          "buyback_flag": true,
          "market_cap": null,
          "headcount": null
        },
        "Q2 2016": {
          "revenue": 2.0238e+16,
          "operating_income": 3049000000000000.0,
          "nopat": 609799999999999.9,
          "invested_capital": 1.0302e+16,
          "reported_roic": 0.2368,
          "goodwill": 3.6422e+16,
          "intangibles": 0,
          "leases": 0,
          "adj_invested_capital": -2.612e+16,
          "restruct_avg": 0.0,
          "adj_nopat": 609799999999999.9,
          "adj_roic": -0.0934,
          "spread": -0.3302,
          "rev_per_employee": null,
          "capex_intensity": 0.043,
          "fcf_conversion": 4.244,
          "buyback_flag": true,
          "market_cap": null,
          "headcount": null
        },
        "Q4 2016": {
          "revenue": 2.177e+16,
          "operating_income": 4985000000000000.0,
          "nopat": 4985000000000000.0,
          "invested_capital": 1.6659e+16,
          "reported_roic": 1.197,
          "goodwill": 3.6199e+16,
          "intangibles": 0,
          "leases": 0,
          "adj_invested_capital": -1.954e+16,
          "restruct_avg": 0.0,
          "adj_nopat": 4985000000000000.0,
          "adj_roic": -1.0205,
          "spread": -2.2174,
          "rev_per_employee": null,
          "capex_intensity": 0.0447,
          "fcf_conversion": 0.603,
          "buyback_flag": false,
          "market_cap": null,
          "headcount": null
        },
        "Q1 2017": {
          "revenue": 1.8155e+16,
          "operating_income": 1424000000000000.0,
          "nopat": 1708800000000000.0,
          "invested_capital": 1.6286e+16,
          "reported_roic": 0.4197,
          "goodwill": 3.6307e+16,
          "intangibles": 0,
          "leases": 0,
          "adj_invested_capital": -2.0021e+16,
          "restruct_avg": 0.0,
          "adj_nopat": 1708800000000000.0,
          "adj_roic": -0.3414,
          "spread": -0.7611,
          "rev_per_employee": null,
          "capex_intensity": 0.0408,
          "fcf_conversion": 1.8814,
          "buyback_flag": true,
          "market_cap": null,
          "headcount": null
        },
        "Q2 2017": {
          "revenue": 1.9289e+16,
          "operating_income": 2443000000000000.0,
          "nopat": 2443000000000000.0,
          "invested_capital": 1.4557e+16,
          "reported_roic": 0.6713,
          "goodwill": 3.6517e+16,
          "intangibles": 0,
          "leases": 0,
          "adj_invested_capital": -2.196e+16,
          "restruct_avg": 0.0,
          "adj_nopat": 2443000000000000.0,
          "adj_roic": -0.445,
          "spread": -1.1163,
          "rev_per_employee": null,
          "capex_intensity": 0.0355,
          "fcf_conversion": 1.1384,
          "buyback_flag": true,
          "market_cap": null,
          "headcount": null
        },
        "Q3 2017": {
          "revenue": 1.9153e+16,
          "operating_income": 3065000000000000.0,
          "nopat": 2758500000000000.0,
          "invested_capital": 1.2604e+16,
          "reported_roic": 0.8754,
          "goodwill": 3.6782e+16,
          "intangibles": 0,
          "leases": 0,
          "adj_invested_capital": -2.4178e+16,
          "restruct_avg": 0.0,
          "adj_nopat": 2758500000000000.0,
          "adj_roic": -0.4564,
          "spread": -1.3318,
          "rev_per_employee": null,
          "capex_intensity": null,
          "fcf_conversion": null,
          "buyback_flag": false,
          "market_cap": null,
          "headcount": null
        },
        "Q4 2017": {
          "revenue": 2.2542e+16,
          "operating_income": 4469000000000000.0,
          "nopat": 2234500000000000.0,
          "invested_capital": 1.0836e+16,
          "reported_roic": 0.8248,
          "goodwill": 3.6788e+16,
          "intangibles": 0,
          "leases": 0,
          "adj_invested_capital": -2.5952e+16,
          "restruct_avg": 0.0,
          "adj_nopat": 2234500000000000.0,
          "adj_roic": -0.3444,
          "spread": -1.1692,
          "rev_per_employee": null,
          "capex_intensity": 0.0424,
          "fcf_conversion": 2.1378,
          "buyback_flag": false,
          "market_cap": null,
          "headcount": null
        },
        "Q1 2018": {
          "revenue": 1.9072e+16,
          "operating_income": 1136000000000000.0,
          "nopat": 1704000000000000.0,
          "invested_capital": 9975000000000000.0,
          "reported_roic": 0.6833,
          "goodwill": 3.6732e+16,
          "intangibles": 0,
          "leases": 0,
          "adj_invested_capital": -2.6757e+16,
          "restruct_avg": 0.0,
          "adj_nopat": 1704000000000000.0,
          "adj_roic": -0.2547,
          "spread": -0.938,
          "rev_per_employee": null,
          "capex_intensity": 0.0456,
          "fcf_conversion": 2.1901,
          "buyback_flag": true,
          "market_cap": null,
          "headcount": null
        },
        "Q2 2018": {
          "revenue": 2.0003e+16,
          "operating_income": 2776000000000000.0,
          "nopat": 2498400000000000.0,
          "invested_capital": 1.3226e+16,
          "reported_roic": 0.7556,
          "goodwill": 3.6482e+16,
          "intangibles": 0,
          "leases": 0,
          "adj_invested_capital": -2.3256e+16,
          "restruct_avg": 0.0,
          "adj_nopat": 2498400000000000.0,
          "adj_roic": -0.4297,
          "spread": -1.1853,
          "rev_per_employee": null,
          "capex_intensity": 0.0465,
          "fcf_conversion": 0.5455,
          "buyback_flag": true,
          "market_cap": null,
          "headcount": null
        },
        "Q3 2018": {
          "revenue": 1.8756e+16,
          "operating_income": 2996000000000000.0,
          "nopat": 2696400000000000.0,
          "invested_capital": 1.4994e+16,
          "reported_roic": 0.7193,
          "goodwill": 3.6526e+16,
          "intangibles": 0,
          "leases": 0,
          "adj_invested_capital": -2.1532e+16,
          "restruct_avg": 0.0,
          "adj_nopat": 2696400000000000.0,
          "adj_roic": -0.5009,
          "spread": -1.2202,
          "rev_per_employee": null,
          "capex_intensity": null,
          "fcf_conversion": null,
          "buyback_flag": false,
          "market_cap": null,
          "headcount": null
        },
        "Q4 2018": {
          "revenue": 2.1761e+16,
          "operating_income": 4434000000000000.0,
          "nopat": 3547200000000000.0,
          "invested_capital": 6.1275e+16,
          "reported_roic": 0.2316,
          "goodwill": 3.6265e+16,
          "intangibles": 0,
          "leases": 0,
          "adj_invested_capital": 2.501e+16,
          "restruct_avg": 0.0,
          "adj_nopat": 3547200000000000.0,
          "adj_roic": 0.5673,
          "spread": 0.3358,
          "rev_per_employee": null,
          "capex_intensity": 0.0359,
          "fcf_conversion": 0.9407,
          "buyback_flag": true,
          "market_cap": null,
          "headcount": null
        },
        "Q1 2019": {
          "revenue": 1.8182e+16,
          "operating_income": 1883000000000000.0,
          "nopat": 1506400000000000.0,
          "invested_capital": 6453000000000000.0,
          "reported_roic": 0.9338,
          "goodwill": 3.6281e+16,
          "intangibles": 0,
          "leases": 0,
          "adj_invested_capital": -2.9828e+16,
          "restruct_avg": 0.0,
          "adj_nopat": 1506400000000000.0,
          "adj_roic": -0.202,
          "spread": -1.1358,
          "rev_per_employee": null,
          "capex_intensity": 0.0296,
          "fcf_conversion": 2.8014,
          "buyback_flag": true,
          "market_cap": null,
          "headcount": null
        },
        "Q1 2021": {
          "revenue": 1.773e+16,
          "operating_income": 905000000000000.0,
          "nopat": 1538500000000000.0,
          "invested_capital": 6.7262e+16,
          "reported_roic": 0.0915,
          "goodwill": 5.9984e+16,
          "intangibles": 0,
          "leases": 0,
          "adj_invested_capital": 7278000000000000.0,
          "restruct_avg": 509000000000000.0,
          "adj_nopat": 673200000000000.0,
          "adj_roic": 0.37,
          "spread": 0.2785,
          "rev_per_employee": null,
          "capex_intensity": 0.0279,
          "fcf_conversion": 6.5657,
          "buyback_flag": false,
          "market_cap": null,
          "headcount": null
        },
        "Q2 2021": {
          "revenue": 1.8745e+16,
          "operating_income": 1552000000000000.0,
          "nopat": 1396800000000000.0,
          "invested_capital": 6.9769e+16,
          "reported_roic": 0.0801,
          "goodwill": 6.1645e+16,
          "intangibles": 0,
          "leases": 0,
          "adj_invested_capital": 8124000000000000.0,
          "restruct_avg": 509000000000000.0,
          "adj_nopat": 938700000000000.0,
          "adj_roic": 0.4622,
          "spread": 0.3821,
          "rev_per_employee": null,
          "capex_intensity": 0.0299,
          "fcf_conversion": 2.1999,
          "buyback_flag": false,
          "market_cap": null,
          "headcount": null
        },
        "Q1 2022": {
          "revenue": 1.4197e+16,
          "operating_income": 623000000000000.0,
          "nopat": 685300000000000.0,
          "invested_capital": 6.3351e+16,
          "reported_roic": 0.0433,
          "goodwill": 5.6106e+16,
          "intangibles": 0,
          "leases": 0,
          "adj_invested_capital": 7245000000000000.0,
          "restruct_avg": 0.0,
          "adj_nopat": 685300000000000.0,
          "adj_roic": 0.3784,
          "spread": 0.3351,
          "rev_per_employee": null,
          "capex_intensity": 0.0198,
          "fcf_conversion": 4.3295,
          "buyback_flag": false,
          "market_cap": null,
          "headcount": null
        },
        "Q2 2022": {
          "revenue": 1.5535e+16,
          "operating_income": 1722000000000000.0,
          "nopat": 1549800000000000.0,
          "invested_capital": 6.2684e+16,
          "reported_roic": 0.0989,
          "goodwill": 5.5039e+16,
          "intangibles": 0,
          "leases": 0,
          "adj_invested_capital": 7645000000000000.0,
          "restruct_avg": 0.0,
          "adj_nopat": 1549800000000000.0,
          "adj_roic": 0.8109,
          "spread": 0.712,
          "rev_per_employee": null,
          "capex_intensity": 0.0218,
          "fcf_conversion": 0.6336,
          "buyback_flag": false,
          "market_cap": null,
          "headcount": null
        },
        "Q1 2023": {
          "revenue": 1.4252e+16,
          "operating_income": 1058000000000000.0,
          "nopat": 952200000000000.0,
          "invested_capital": 7.098e+16,
          "reported_roic": 0.0537,
          "goodwill": 5.6193e+16,
          "intangibles": 0,
          "leases": 0,
          "adj_invested_capital": 1.4787e+16,
          "restruct_avg": 64750000000000.0,
          "adj_nopat": 893925000000000.0,
          "adj_roic": 0.2418,
          "spread": 0.1882,
          "rev_per_employee": null,
          "capex_intensity": 0.021,
          "fcf_conversion": 3.8862,
          "buyback_flag": false,
          "market_cap": null,
          "headcount": null
        },
        "Q2 2023": {
          "revenue": 1.5475e+16,
          "operating_income": 2000000000000000.0,
          "nopat": 1600000000000000.0,
          "invested_capital": 7.0283e+16,
          "reported_roic": 0.0911,
          "goodwill": 5.6385e+16,
          "intangibles": 0,
          "leases": 0,
          "adj_invested_capital": 1.3898e+16,
          "restruct_avg": 94000000000000.0,
          "adj_nopat": 1524800000000000.0,
          "adj_roic": 0.4389,
          "spread": 0.3478,
          "rev_per_employee": null,
          "capex_intensity": 0.0235,
          "fcf_conversion": 1.4913,
          "buyback_flag": false,
          "market_cap": null,
          "headcount": null
        },
        "Q3 2023": {
          "revenue": 1.4752e+16,
          "operating_income": 1873000000000000.0,
          "nopat": 1685700000000000.0,
          "invested_capital": 7.1066e+16,
          "reported_roic": 0.0949,
          "goodwill": 5.9596e+16,
          "intangibles": 0,
          "leases": 0,
          "adj_invested_capital": 1.147e+16,
          "restruct_avg": 102500000000000.0,
          "adj_nopat": 1593450000000000.0,
          "adj_roic": 0.5557,
          "spread": 0.4608,
          "rev_per_employee": null,
          "capex_intensity": null,
          "fcf_conversion": null,
          "buyback_flag": false,
          "market_cap": null,
          "headcount": null
        },
        "Q4 2023": {
          "revenue": 1.7381e+16,
          "operating_income": 3759000000000000.0,
          "nopat": 3759000000000000.0,
          "invested_capital": 6.6012e+16,
          "reported_roic": 0.2278,
          "goodwill": 6.0178e+16,
          "intangibles": 0,
          "leases": 0,
          "adj_invested_capital": 5834000000000000.0,
          "restruct_avg": 108750000000000.0,
          "adj_nopat": 3650250000000000.0,
          "adj_roic": 2.5027,
          "spread": 2.275,
          "rev_per_employee": null,
          "capex_intensity": 0.0173,
          "fcf_conversion": 1.1405,
          "buyback_flag": false,
          "market_cap": null,
          "headcount": null
        },
        "Q1 2024": {
          "revenue": 1.4462e+16,
          "operating_income": 1074000000000000.0,
          "nopat": 1611000000000000.0,
          "invested_capital": 6.8162e+16,
          "reported_roic": 0.0945,
          "goodwill": 5.9534e+16,
          "intangibles": 0,
          "leases": 0,
          "adj_invested_capital": 8628000000000000.0,
          "restruct_avg": 137500000000000.0,
          "adj_nopat": 1404750000000000.0,
          "adj_roic": 0.6513,
          "spread": 0.5567,
          "rev_per_employee": null,
          "capex_intensity": 0.0165,
          "fcf_conversion": 2.7969,
          "buyback_flag": false,
          "market_cap": null,
          "headcount": null
        },
        "Q2 2024": {
          "revenue": 1.577e+16,
          "operating_income": 2219000000000000.0,
          "nopat": 1775200000000000.0,
          "invested_capital": 6.8347e+16,
          "reported_roic": 0.1039,
          "goodwill": 5.9416e+16,
          "intangibles": 0,
          "leases": 0,
          "adj_invested_capital": 8931000000000000.0,
          "restruct_avg": 112750000000000.0,
          "adj_nopat": 1685000000000000.0,
          "adj_roic": 0.7547,
          "spread": 0.6508,
          "rev_per_employee": null,
          "capex_intensity": 0.014,
          "fcf_conversion": 1.0955,
          "buyback_flag": false,
          "market_cap": null,
          "headcount": null
        }
      }
    },
    "CRM": {
      "info": {
        "name": "Salesforce",
        "sector": "Technology",
        "tier": 1
      },
      "quarters": {
        "Q4 2020": {
          "revenue": 5419000000000000.0,
          "operating_income": 224000000000000.0,
          "nopat": 201600000000000.0,
          "invested_capital": 3.9281e+16,
          "reported_roic": 0.0205,
          "goodwill": 2.6313e+16,
          "intangibles": 4398000000000000.0,
          "leases": 0,
          "adj_invested_capital": 8570000000000000.0,
          "restruct_avg": 0.0,
          "adj_nopat": 201600000000000.0,
          "adj_roic": 0.0941,
          "spread": 0.0736,
          "rev_per_employee": null,
          "capex_intensity": 0.0229,
          "fcf_conversion": 1.0665,
          "buyback_flag": false,
          "market_cap": null,
          "headcount": null
        },
        "Q2 2021": {
          "revenue": 5963000000000000.0,
          "operating_income": 354000000000000.0,
          "nopat": 283200000000000.0,
          "invested_capital": 3.6716e+16,
          "reported_roic": 0.0309,
          "goodwill": 2.664e+16,
          "intangibles": 3925000000000000.0,
          "leases": 0,
          "adj_invested_capital": 6151000000000000.0,
          "restruct_avg": 0.0,
          "adj_nopat": 283200000000000.0,
          "adj_roic": 0.1842,
          "spread": 0.1533,
          "rev_per_employee": null,
          "capex_intensity": 0.0287,
          "fcf_conversion": 10.7945,
          "buyback_flag": false,
          "market_cap": null,
          "headcount": null
        },
        "Q3 2021": {
          "revenue": 6340000000000000.0,
          "operating_income": 332000000000000.0,
          "nopat": 199200000000000.0,
          "invested_capital": 6.2494e+16,
          "reported_roic": 0.0128,
          "goodwill": 4.8103e+16,
          "intangibles": 9746000000000000.0,
          "leases": 0,
          "adj_invested_capital": 4645000000000000.0,
          "restruct_avg": 0.0,
          "adj_nopat": 199200000000000.0,
          "adj_roic": 0.1715,
          "spread": 0.1588,
          "rev_per_employee": null,
          "capex_intensity": 0.0336,
          "fcf_conversion": 0.8685,
          "buyback_flag": false,
          "market_cap": null,
          "headcount": null
        },
        "Q4 2021": {
          "revenue": 6863000000000000.0,
          "operating_income": 38000000000000.0,
          "nopat": 15200000000000.0,
          "invested_capital": 6.2932e+16,
          "reported_roic": 0.001,
          "goodwill": 4.7951e+16,
          "intangibles": 9472000000000000.0,
          "leases": 0,
          "adj_invested_capital": 5509000000000000.0,
          "restruct_avg": 0.0,
          "adj_nopat": 15200000000000.0,
          "adj_roic": 0.011,
          "spread": 0.0101,
          "rev_per_employee": null,
          "capex_intensity": 0.0242,
          "fcf_conversion": 15.6579,
          "buyback_flag": false,
          "market_cap": null,
          "headcount": null
        },
        "Q4 2022": {
          "revenue": 7837000000000000.0,
          "operating_income": 460000000000000.0,
          "nopat": 184000000000000.0,
          "invested_capital": 6.5057e+16,
          "reported_roic": 0.0113,
          "goodwill": 4.8555e+16,
          "intangibles": 7598000000000000.0,
          "leases": 0,
          "adj_invested_capital": 8904000000000000.0,
          "restruct_avg": 0.0,
          "adj_nopat": 184000000000000.0,
          "adj_roic": 0.0827,
          "spread": 0.0713,
          "rev_per_employee": null,
          "capex_intensity": 0.0253,
          "fcf_conversion": 0.625,
          "buyback_flag": true,
          "market_cap": null,
          "headcount": null
        },
        "Q2 2023": {
          "revenue": 8247000000000000.0,
          "operating_income": 412000000000000.0,
          "nopat": 247200000000000.0,
          "invested_capital": 5.804e+16,
          "reported_roic": 0.017,
          "goodwill": 4.8567e+16,
          "intangibles": 6654000000000000.0,
          "leases": 0,
          "adj_invested_capital": 2819000000000000.0,
          "restruct_avg": 177750000000000.0,
          "adj_nopat": 140550000000000.0,
          "adj_roic": 0.1994,
          "spread": 0.1824,
          "rev_per_employee": null,
          "capex_intensity": 0.0295,
          "fcf_conversion": 30.2241,
          "buyback_flag": true,
          "market_cap": null,
          "headcount": null
        },
        "Q3 2023": {
          "revenue": 8603000000000000.0,
          "operating_income": 1476000000000000.0,
          "nopat": 1180800000000000.0,
          "invested_capital": 6.1732e+16,
          "reported_roic": 0.0765,
          "goodwill": 4.8566e+16,
          "intangibles": 6182000000000000.0,
          "leases": 0,
          "adj_invested_capital": 6984000000000000.0,
          "restruct_avg": 190000000000000.0,
          "adj_nopat": 1028800000000000.0,
          "adj_roic": 0.5892,
          "spread": 0.5127,
          "rev_per_employee": null,
          "capex_intensity": 0.0209,
          "fcf_conversion": 0.6104,
          "buyback_flag": true,
          "market_cap": null,
          "headcount": null
        },
        "Q4 2023": {
          "revenue": 8720000000000000.0,
          "operating_income": 1501000000000000.0,
          "nopat": 1200800000000000.0,
          "invested_capital": 6.2061e+16,
          "reported_roic": 0.0774,
          "goodwill": 4.8614e+16,
          "intangibles": 5737000000000000.0,
          "leases": 0,
          "adj_invested_capital": 7710000000000000.0,
          "restruct_avg": 203750000000000.0,
          "adj_nopat": 1037800000000000.0,
          "adj_roic": 0.5384,
          "spread": 0.461,
          "rev_per_employee": null,
          "capex_intensity": 0.019,
          "fcf_conversion": 1.3162,
          "buyback_flag": true,
          "market_cap": null,
          "headcount": null
        },
        "Q2 2024": {
          "revenue": 9133000000000000.0,
          "operating_income": 1709000000000000.0,
          "nopat": 1367200000000000.0,
          "invested_capital": 6.0154e+16,
          "reported_roic": 0.0909,
          "goodwill": 4.894e+16,
          "intangibles": 4869000000000000.0,
          "leases": 0,
          "adj_invested_capital": 6345000000000000.0,
          "restruct_avg": 28000000000000.0,
          "adj_nopat": 1344800000000000.0,
          "adj_roic": 0.8478,
          "spread": 0.7569,
          "rev_per_employee": null,
          "capex_intensity": 0.0178,
          "fcf_conversion": 4.5241,
          "buyback_flag": true,
          "market_cap": null,
          "headcount": null
        },
        "Q3 2024": {
          "revenue": 9325000000000000.0,
          "operating_income": 1783000000000000.0,
          "nopat": 1426400000000000.0,
          "invested_capital": 5.8381e+16,
          "reported_roic": 0.0977,
          "goodwill": 4.8941e+16,
          "intangibles": 4415000000000000.0,
          "leases": 0,
          "adj_invested_capital": 5025000000000000.0,
          "restruct_avg": 40500000000000.0,
          "adj_nopat": 1394000000000000.0,
          "adj_roic": 1.1097,
          "spread": 1.0119,
          "rev_per_employee": null,
          "capex_intensity": 0.0147,
          "fcf_conversion": 0.5416,
          "buyback_flag": true,
          "market_cap": null,
          "headcount": null
        },
        "Q4 2024": {
          "revenue": 9444000000000000.0,
          "operating_income": 1893000000000000.0,
          "nopat": 1703700000000000.0,
          "invested_capital": 5.896e+16,
          "reported_roic": 0.1156,
          "goodwill": 4.9093e+16,
          "intangibles": 4119000000000000.0,
          "leases": 0,
          "adj_invested_capital": 5748000000000000.0,
          "restruct_avg": 40750000000000.0,
          "adj_nopat": 1667025000000000.0,
          "adj_roic": 1.1601,
          "spread": 1.0445,
          "rev_per_employee": null,
          "capex_intensity": 0.0216,
          "fcf_conversion": 1.0672,
          "buyback_flag": true,
          "market_cap": null,
          "headcount": null
        },
        "Q2 2025": {
          "revenue": 9829000000000000.0,
          "operating_income": 1942000000000000.0,
          "nopat": 1553600000000000.0,
          "invested_capital": 5.8173e+16,
          "reported_roic": 0.1068,
          "goodwill": 5.1281e+16,
          "intangibles": 4033000000000000.0,
          "leases": 0,
          "adj_invested_capital": 2859000000000000.0,
          "restruct_avg": 47750000000000.0,
          "adj_nopat": 1515400000000000.0,
          "adj_roic": 2.1202,
          "spread": 2.0134,
          "rev_per_employee": null,
          "capex_intensity": 0.0182,
          "fcf_conversion": 4.1553,
          "buyback_flag": true,
          "market_cap": null,
          "headcount": null
        },
        "Q3 2025": {
          "revenue": 1.0236e+16,
          "operating_income": 2332000000000000.0,
          "nopat": 1865600000000000.0,
          "invested_capital": 5.9399e+16,
          "reported_roic": 0.1256,
          "goodwill": 5.1438e+16,
          "intangibles": 3669000000000000.0,
          "leases": 0,
          "adj_invested_capital": 4292000000000000.0,
          "restruct_avg": 24000000000000.0,
          "adj_nopat": 1846400000000000.0,
          "adj_roic": 1.7208,
          "spread": 1.5952,
          "rev_per_employee": null,
          "capex_intensity": 0.0132,
          "fcf_conversion": 0.3277,
          "buyback_flag": true,
          "market_cap": null,
          "headcount": null
        },
        "Q4 2025": {
          "revenue": 1.0259e+16,
          "operating_income": 2188000000000000.0,
          "nopat": 1750400000000000.0,
          "invested_capital": 5.9481e+16,
          "reported_roic": 0.1177,
          "goodwill": 5.2457e+16,
          "intangibles": 3491000000000000.0,
          "leases": 0,
          "adj_invested_capital": 3533000000000000.0,
          "restruct_avg": 75000000000000.0,
          "adj_nopat": 1690400000000000.0,
          "adj_roic": 1.9138,
          "spread": 1.7961,
          "rev_per_employee": null,
          "capex_intensity": 0.0135,
          "fcf_conversion": 1.2879,
          "buyback_flag": true,
          "market_cap": null,
          "headcount": null
        }
      }
    },
    "WDAY": {
      "info": {
        "name": "Workday",
        "sector": "Technology",
        "tier": 1
      },
      "quarters": {
        "Q4 2020": {
          "revenue": 1105960000000000.0,
          "operating_income": -14077000000000.0,
          "nopat": -12669300000000.0,
          "invested_capital": 4894294000000000.0,
          "reported_roic": -0.0104,
          "goodwill": 1819625000000000.0,
          "intangibles": 0,
          "leases": 0,
          "adj_invested_capital": 3074669000000000.0,
          "restruct_avg": 0.0,
          "adj_nopat": -12669300000000.0,
          "adj_roic": -0.0165,
          "spread": -0.0061,
          "rev_per_employee": null,
          "capex_intensity": null,
          "fcf_conversion": null,
          "buyback_flag": true,
          "market_cap": null,
          "headcount": null
        },
        "Q2 2021": {
          "revenue": 1175033000000000.0,
          "operating_income": -38313000000000.0,
          "nopat": -38313000000000.0,
          "invested_capital": 5502800000000000.0,
          "reported_roic": -0.0278,
          "goodwill": 2362166000000000.0,
          "intangibles": 0,
          "leases": 0,
          "adj_invested_capital": 3140634000000000.0,
          "restruct_avg": 0.0,
          "adj_nopat": -38313000000000.0,
          "adj_roic": -0.0488,
          "spread": -0.0209,
          "rev_per_employee": null,
          "capex_intensity": null,
          "fcf_conversion": null,
          "buyback_flag": true,
          "market_cap": null,
          "headcount": null
        },
        "Q3 2021": {
          "revenue": 1260361000000000.0,
          "operating_income": -1120000000000.0,
          "nopat": -1120000000000.0,
          "invested_capital": 5839481000000000.0,
          "reported_roic": -0.0008,
          "goodwill": 2362166000000000.0,
          "intangibles": 0,
          "leases": 0,
          "adj_invested_capital": 3477315000000000.0,
          "restruct_avg": 0.0,
          "adj_nopat": -1120000000000.0,
          "adj_roic": -0.0013,
          "spread": -0.0005,
          "rev_per_employee": null,
          "capex_intensity": null,
          "fcf_conversion": null,
          "buyback_flag": true,
          "market_cap": null,
          "headcount": null
        },
        "Q4 2021": {
          "revenue": 1327263000000000.0,
          "operating_income": 23945000000000.0,
          "nopat": 23945000000000.0,
          "invested_capital": 5978981000000000.0,
          "reported_roic": 0.016,
          "goodwill": 2428481000000000.0,
          "intangibles": 0,
          "leases": 0,
          "adj_invested_capital": 3550500000000000.0,
          "restruct_avg": 0.0,
          "adj_nopat": 23945000000000.0,
          "adj_roic": 0.027,
          "spread": 0.011,
          "rev_per_employee": null,
          "capex_intensity": null,
          "fcf_conversion": null,
          "buyback_flag": false,
          "market_cap": null,
          "headcount": null
        },
        "Q2 2022": {
          "revenue": 1434657000000000.0,
          "operating_income": -72843000000000.0,
          "nopat": -65558700000000.0,
          "invested_capital": 7273791000000000.0,
          "reported_roic": -0.0361,
          "goodwill": 2840044000000000.0,
          "intangibles": 0,
          "leases": 0,
          "adj_invested_capital": 4433747000000000.0,
          "restruct_avg": 0.0,
          "adj_nopat": -65558700000000.0,
          "adj_roic": -0.0591,
          "spread": -0.0231,
          "rev_per_employee": null,
          "capex_intensity": null,
          "fcf_conversion": null,
          "buyback_flag": true,
          "market_cap": null,
          "headcount": null
        },
        "Q3 2022": {
          "revenue": 1535798000000000.0,
          "operating_income": -34078000000000.0,
          "nopat": -34078000000000.0,
          "invested_capital": 7913255000000000.0,
          "reported_roic": -0.0172,
          "goodwill": 2840044000000000.0,
          "intangibles": 0,
          "leases": 0,
          "adj_invested_capital": 5073211000000000.0,
          "restruct_avg": 0.0,
          "adj_nopat": -34078000000000.0,
          "adj_roic": -0.0269,
          "spread": -0.0096,
          "rev_per_employee": null,
          "capex_intensity": null,
          "fcf_conversion": null,
          "buyback_flag": true,
          "market_cap": null,
          "headcount": null
        },
        "Q3 2023": {
          "revenue": 1786766000000000.0,
          "operating_income": 36257000000000.0,
          "nopat": 36257000000000.0,
          "invested_capital": 7815845000000000.0,
          "reported_roic": 0.0186,
          "goodwill": 2840044000000000.0,
          "intangibles": 0,
          "leases": 0,
          "adj_invested_capital": 4975801000000000.0,
          "restruct_avg": 0.0,
          "adj_nopat": 36257000000000.0,
          "adj_roic": 0.0291,
          "spread": 0.0106,
          "rev_per_employee": null,
          "capex_intensity": 0.0364,
          "fcf_conversion": 9.9364,
          "buyback_flag": true,
          "market_cap": null,
          "headcount": null
        },
        "Q4 2023": {
          "revenue": 1865675000000000.0,
          "operating_income": 87855000000000.0,
          "nopat": 79069500000000.0,
          "invested_capital": 8039800000000000.0,
          "reported_roic": 0.0393,
          "goodwill": 2846464000000000.0,
          "intangibles": 0,
          "leases": 0,
          "adj_invested_capital": 5193336000000000.0,
          "restruct_avg": 0.0,
          "adj_nopat": 79069500000000.0,
          "adj_roic": 0.0609,
          "spread": 0.0216,
          "rev_per_employee": null,
          "capex_intensity": 0.0322,
          "fcf_conversion": 4.9422,
          "buyback_flag": true,
          "market_cap": null,
          "headcount": null
        },
        "Q2 2024": {
          "revenue": 1990000000000000.0,
          "operating_income": 64000000000000.0,
          "nopat": 57600000000000.0,
          "invested_capital": 9392000000000000.0,
          "reported_roic": 0.0245,
          "goodwill": 3257000000000000.0,
          "intangibles": 0,
          "leases": 0,
          "adj_invested_capital": 6135000000000000.0,
          "restruct_avg": 2000000000000.0,
          "adj_nopat": 55800000000000.0,
          "adj_roic": 0.0364,
          "spread": 0.0118,
          "rev_per_employee": null,
          "capex_intensity": 0.0407,
          "fcf_conversion": 5.2151,
          "buyback_flag": true,
          "market_cap": null,
          "headcount": null
        }
      }
    },
    "SAP": {
      "info": {
        "name": "SAP SE",
        "sector": "Technology",
        "tier": 1
      },
      "quarters": {}
    },
    "CRWD": {
      "info": {
        "name": "CrowdStrike",
        "sector": "Cybersecurity",
        "tier": 1
      },
      "quarters": {
        "Q2 2021": {
          "revenue": 302843000000000.0,
          "operating_income": -31347000000000.0,
          "nopat": 12538800000000.0,
          "invested_capital": -97333000000000.0,
          "reported_roic": -0.5153,
          "goodwill": 374581000000000.0,
          "intangibles": 88851000000000.0,
          "leases": 0,
          "adj_invested_capital": -560765000000000.0,
          "restruct_avg": 0.0,
          "adj_nopat": 12538800000000.0,
          "adj_roic": -0.0894,
          "spread": 0.4259,
          "rev_per_employee": null,
          "capex_intensity": 0.0852,
          "fcf_conversion": 9.7088,
          "buyback_flag": false,
          "market_cap": null,
          "headcount": null
        },
        "Q3 2021": {
          "revenue": 337690000000000.0,
          "operating_income": -47403000000000.0,
          "nopat": -42662700000000.0,
          "invested_capital": -144011000000000.0,
          "reported_roic": 1.185,
          "goodwill": 374310000000000.0,
          "intangibles": 85580000000000.0,
          "leases": 0,
          "adj_invested_capital": -603901000000000.0,
          "restruct_avg": 0.0,
          "adj_nopat": -42662700000000.0,
          "adj_roic": 0.2826,
          "spread": -0.9024,
          "rev_per_employee": null,
          "capex_intensity": null,
          "fcf_conversion": null,
          "buyback_flag": true,
          "market_cap": null,
          "headcount": null
        },
        "Q4 2021": {
          "revenue": 380051000000000.0,
          "operating_income": -40264000000000.0,
          "nopat": -36237600000000.0,
          "invested_capital": -220181000000000.0,
          "reported_roic": 0.6583,
          "goodwill": 373889000000000.0,
          "intangibles": 82870000000000.0,
          "leases": 0,
          "adj_invested_capital": -676940000000000.0,
          "restruct_avg": 0.0,
          "adj_nopat": -36237600000000.0,
          "adj_roic": 0.2141,
          "spread": -0.4442,
          "rev_per_employee": null,
          "capex_intensity": -0.0858,
          "fcf_conversion": 0.7141,
          "buyback_flag": true,
          "market_cap": null,
          "headcount": null
        },
        "Q2 2022": {
          "revenue": 487834000000000.0,
          "operating_income": -23883000000000.0,
          "nopat": -21494700000000.0,
          "invested_capital": -310306000000000.0,
          "reported_roic": 0.2771,
          "goodwill": 416228000000000.0,
          "intangibles": 93945000000000.0,
          "leases": 0,
          "adj_invested_capital": -820479000000000.0,
          "restruct_avg": 0.0,
          "adj_nopat": -21494700000000.0,
          "adj_roic": 0.1048,
          "spread": -0.1723,
          "rev_per_employee": null,
          "capex_intensity": 0.107,
          "fcf_conversion": -7.5714,
          "buyback_flag": true,
          "market_cap": null,
          "headcount": null
        },
        "Q3 2022": {
          "revenue": 535153000000000.0,
          "operating_income": -48307000000000.0,
          "nopat": -43476300000000.0,
          "invested_capital": -353178000000000.0,
          "reported_roic": 0.4924,
          "goodwill": 416066000000000.0,
          "intangibles": 89840000000000.0,
          "leases": 0,
          "adj_invested_capital": -859084000000000.0,
          "restruct_avg": 0.0,
          "adj_nopat": -43476300000000.0,
          "adj_roic": 0.2024,
          "spread": -0.29,
          "rev_per_employee": null,
          "capex_intensity": null,
          "fcf_conversion": null,
          "buyback_flag": true,
          "market_cap": null,
          "headcount": null
        },
        "Q4 2022": {
          "revenue": 580882000000000.0,
          "operating_income": -56422000000000.0,
          "nopat": -45137600000000.0,
          "invested_capital": -411629000000000.0,
          "reported_roic": 0.4386,
          "goodwill": 430285000000000.0,
          "intangibles": 89500000000000.0,
          "leases": 0,
          "adj_invested_capital": -931414000000000.0,
          "restruct_avg": 0.0,
          "adj_nopat": -45137600000000.0,
          "adj_roic": 0.1938,
          "spread": -0.2448,
          "rev_per_employee": null,
          "capex_intensity": -0.1161,
          "fcf_conversion": 0.5641,
          "buyback_flag": true,
          "market_cap": null,
          "headcount": null
        },
        "Q2 2023": {
          "revenue": 692580000000000.0,
          "operating_income": -19456000000000.0,
          "nopat": -36966400000000.0,
          "invested_capital": -482999000000000.0,
          "reported_roic": 0.3061,
          "goodwill": 430755000000000.0,
          "intangibles": 83215000000000.0,
          "leases": 0,
          "adj_invested_capital": -996969000000000.0,
          "restruct_avg": 0.0,
          "adj_nopat": -36966400000000.0,
          "adj_roic": 0.1483,
          "spread": -0.1578,
          "rev_per_employee": null,
          "capex_intensity": 0.0899,
          "fcf_conversion": -6.4553,
          "buyback_flag": true,
          "market_cap": null,
          "headcount": null
        },
        "Q3 2023": {
          "revenue": 731626000000000.0,
          "operating_income": -15373000000000.0,
          "nopat": -21522200000000.0,
          "invested_capital": -587258000000000.0,
          "reported_roic": 0.1466,
          "goodwill": 430697000000000.0,
          "intangibles": 79139000000000.0,
          "leases": 0,
          "adj_invested_capital": -1097094000000000.0,
          "restruct_avg": 0.0,
          "adj_nopat": -21522200000000.0,
          "adj_roic": 0.0785,
          "spread": -0.0681,
          "rev_per_employee": null,
          "capex_intensity": null,
          "fcf_conversion": null,
          "buyback_flag": true,
          "market_cap": null,
          "headcount": null
        },
        "Q4 2023": {
          "revenue": 786014000000000.0,
          "operating_income": 3163000000000.0,
          "nopat": 4111900000000.0,
          "invested_capital": -197800000000000.0,
          "reported_roic": -0.0832,
          "goodwill": 637678000000000.0,
          "intangibles": 109423000000000.0,
          "leases": 0,
          "adj_invested_capital": -944901000000000.0,
          "restruct_avg": 0.0,
          "adj_nopat": 4111900000000.0,
          "adj_roic": -0.0174,
          "spread": 0.0657,
          "rev_per_employee": null,
          "capex_intensity": 0.1413,
          "fcf_conversion": 2.6124,
          "buyback_flag": false,
          "market_cap": null,
          "headcount": null
        },
        "Q2 2024": {
          "revenue": 921036000000000.0,
          "operating_income": 6936000000000.0,
          "nopat": 7629600000000.0,
          "invested_capital": -424031000000000.0,
          "reported_roic": -0.072,
          "goodwill": 721973000000000.0,
          "intangibles": 122024000000000.0,
          "leases": 0,
          "adj_invested_capital": -1268028000000000.0,
          "restruct_avg": 0.0,
          "adj_nopat": 7629600000000.0,
          "adj_roic": -0.0241,
          "spread": 0.0479,
          "rev_per_employee": null,
          "capex_intensity": 0.0539,
          "fcf_conversion": 43.7172,
          "buyback_flag": false,
          "market_cap": null,
          "headcount": null
        },
        "Q3 2024": {
          "revenue": 963872000000000.0,
          "operating_income": 13658000000000.0,
          "nopat": 16389600000000.0,
          "invested_capital": -442383000000000.0,
          "reported_roic": -0.1482,
          "goodwill": 721996000000000.0,
          "intangibles": 115686000000000.0,
          "leases": 0,
          "adj_invested_capital": -1280065000000000.0,
          "restruct_avg": 0.0,
          "adj_nopat": 16389600000000.0,
          "adj_roic": -0.0512,
          "spread": 0.097,
          "rev_per_employee": null,
          "capex_intensity": null,
          "fcf_conversion": null,
          "buyback_flag": false,
          "market_cap": null,
          "headcount": null
        },
        "Q4 2024": {
          "revenue": 1010178000000000.0,
          "operating_income": -55723000000000.0,
          "nopat": -22289200000000.0,
          "invested_capital": -458781000000000.0,
          "reported_roic": 0.1943,
          "goodwill": 722016000000000.0,
          "intangibles": 109354000000000.0,
          "leases": 0,
          "adj_invested_capital": -1290151000000000.0,
          "restruct_avg": 0.0,
          "adj_nopat": -22289200000000.0,
          "adj_roic": 0.0691,
          "spread": -0.1252,
          "rev_per_employee": null,
          "capex_intensity": 0.0088,
          "fcf_conversion": -5.4427,
          "buyback_flag": true,
          "market_cap": null,
          "headcount": null
        },
        "Q2 2025": {
          "revenue": 1103434000000000.0,
          "operating_income": -124656000000000.0,
          "nopat": -149587200000000.0,
          "invested_capital": -418921000000000.0,
          "reported_roic": 1.4283,
          "goodwill": 913285000000000.0,
          "intangibles": 125486000000000.0,
          "leases": 0,
          "adj_invested_capital": -1457692000000000.0,
          "restruct_avg": 0.0,
          "adj_nopat": -149587200000000.0,
          "adj_roic": 0.4105,
          "spread": -1.0178,
          "rev_per_employee": null,
          "capex_intensity": 0.0777,
          "fcf_conversion": -1.9945,
          "buyback_flag": true,
          "market_cap": null,
          "headcount": null
        },
        "Q3 2025": {
          "revenue": 1168952000000000.0,
          "operating_income": -112979000000000.0,
          "nopat": -124276900000000.0,
          "invested_capital": -471029000000000.0,
          "reported_roic": 1.0554,
          "goodwill": 913325000000000.0,
          "intangibles": 117858000000000.0,
          "leases": 0,
          "adj_invested_capital": -1502212000000000.0,
          "restruct_avg": 9596000000000.0,
          "adj_nopat": -134832500000000.0,
          "adj_roic": 0.359,
          "spread": -0.6963,
          "rev_per_employee": null,
          "capex_intensity": null,
          "fcf_conversion": null,
          "buyback_flag": true,
          "market_cap": null,
          "headcount": null
        },
        "Q4 2025": {
          "revenue": 1234244000000000.0,
          "operating_income": -69443000000000.0,
          "nopat": -104164500000000.0,
          "invested_capital": -39487000000000.0,
          "reported_roic": 10.5518,
          "goodwill": 1352927000000000.0,
          "intangibles": 144405000000000.0,
          "leases": 0,
          "adj_invested_capital": -1536819000000000.0,
          "restruct_avg": 9712500000000.0,
          "adj_nopat": -118733250000000.0,
          "adj_roic": 0.309,
          "spread": -10.2427,
          "rev_per_employee": null,
          "capex_intensity": 0.0447,
          "fcf_conversion": -1.7858,
          "buyback_flag": true,
          "market_cap": null,
          "headcount": null
        }
      }
    },
    "HPQ": {
      "info": {
        "name": "HP Inc",
        "sector": "Technology",
        "tier": 1
      },
      "quarters": {
        "Q1 2015": {
          "revenue": 2.6839e+16,
          "operating_income": 1920000000000000.0,
          "nopat": 1536000000000000.0,
          "invested_capital": 2.914e+16,
          "reported_roic": 0.2108,
          "goodwill": 3.1108e+16,
          "intangibles": 1906000000000000.0,
          "leases": 0,
          "adj_invested_capital": -3874000000000000.0,
          "restruct_avg": 146000000000000.0,
          "adj_nopat": 1419200000000000.0,
          "adj_roic": -1.4654,
          "spread": -1.6762,
          "rev_per_employee": null,
          "capex_intensity": null,
          "fcf_conversion": null,
          "buyback_flag": true,
          "market_cap": null,
          "headcount": null
        },
        "Q2 2015": {
          "revenue": 2.5453e+16,
          "operating_income": 1431000000000000.0,
          "nopat": 1144800000000000.0,
          "invested_capital": 2.7464e+16,
          "reported_roic": 0.1667,
          "goodwill": 3.1218e+16,
          "intangibles": 1729000000000000.0,
          "leases": 0,
          "adj_invested_capital": -5483000000000000.0,
          "restruct_avg": 200500000000000.0,
          "adj_nopat": 984400000000000.0,
          "adj_roic": -0.7181,
          "spread": -0.8849,
          "rev_per_employee": null,
          "capex_intensity": null,
          "fcf_conversion": null,
          "buyback_flag": true,
          "market_cap": null,
          "headcount": null
        },
        "Q3 2015": {
          "revenue": 2.5349e+16,
          "operating_income": 1212000000000000.0,
          "nopat": 969600000000000.0,
          "invested_capital": 2.4332e+16,
          "reported_roic": 0.1594,
          "goodwill": 3.3025e+16,
          "intangibles": 2249000000000000.0,
          "leases": 0,
          "adj_invested_capital": -1.0942e+16,
          "restruct_avg": 142000000000000.0,
          "adj_nopat": 856000000000000.0,
          "adj_roic": -0.3129,
          "spread": -0.4723,
          "rev_per_employee": null,
          "capex_intensity": null,
          "fcf_conversion": null,
          "buyback_flag": true,
          "market_cap": null,
          "headcount": null
        },
        "Q4 2015": {
          "revenue": 1.2266e+16,
          "operating_income": 798000000000000.0,
          "nopat": 1037400000000000.0,
          "invested_capital": 1.7012e+16,
          "reported_roic": 0.2439,
          "goodwill": 5680000000000000.0,
          "intangibles": 2014000000000000.0,
          "leases": 0,
          "adj_invested_capital": 9318000000000000.0,
          "restruct_avg": 15750000000000.0,
          "adj_nopat": 1016925000000000.0,
          "adj_roic": 0.4365,
          "spread": 0.1926,
          "rev_per_employee": null,
          "capex_intensity": null,
          "fcf_conversion": null,
          "buyback_flag": false,
          "market_cap": null,
          "headcount": null
        },
        "Q1 2016": {
          "revenue": 1.2246e+16,
          "operating_income": 928000000000000.0,
          "nopat": 742400000000000.0,
          "invested_capital": -1914000000000000.0,
          "reported_roic": -1.5515,
          "goodwill": 5680000000000000.0,
          "intangibles": 0,
          "leases": 0,
          "adj_invested_capital": -7594000000000000.0,
          "restruct_avg": -15750000000000.0,
          "adj_nopat": 755000000000000.0,
          "adj_roic": -0.3977,
          "spread": 1.1538,
          "rev_per_employee": null,
          "capex_intensity": null,
          "fcf_conversion": null,
          "buyback_flag": true,
          "market_cap": null,
          "headcount": null
        },
        "Q2 2016": {
          "revenue": 1.1588e+16,
          "operating_income": 841000000000000.0,
          "nopat": 672800000000000.0,
          "invested_capital": -2714000000000000.0,
          "reported_roic": -0.9916,
          "goodwill": 5672000000000000.0,
          "intangibles": 0,
          "leases": 0,
          "adj_invested_capital": -8386000000000000.0,
          "restruct_avg": -54500000000000.0,
          "adj_nopat": 716400000000000.0,
          "adj_roic": -0.3417,
          "spread": 0.6499,
          "rev_per_employee": null,
          "capex_intensity": null,
          "fcf_conversion": null,
          "buyback_flag": true,
          "market_cap": null,
          "headcount": null
        },
        "Q3 2016": {
          "revenue": 1.1892e+16,
          "operating_income": 1117000000000000.0,
          "nopat": 893600000000000.0,
          "invested_capital": -2802000000000000.0,
          "reported_roic": -1.2757,
          "goodwill": 5618000000000000.0,
          "intangibles": 0,
          "leases": 0,
          "adj_invested_capital": -8420000000000000.0,
          "restruct_avg": -60750000000000.0,
          "adj_nopat": 942200000000000.0,
          "adj_roic": -0.4476,
          "spread": 0.8281,
          "rev_per_employee": null,
          "capex_intensity": null,
          "fcf_conversion": null,
          "buyback_flag": false,
          "market_cap": null,
          "headcount": null
        },
        "Q4 2016": {
          "revenue": 1.2512e+16,
          "operating_income": 663000000000000.0,
          "nopat": 596700000000000.0,
          "invested_capital": -3442000000000000.0,
          "reported_roic": -0.6934,
          "goodwill": 5622000000000000.0,
          "intangibles": 0,
          "leases": 0,
          "adj_invested_capital": -9064000000000000.0,
          "restruct_avg": 39000000000000.0,
          "adj_nopat": 561600000000000.0,
          "adj_roic": -0.2478,
          "spread": 0.4456,
          "rev_per_employee": null,
          "capex_intensity": null,
          "fcf_conversion": null,
          "buyback_flag": false,
          "market_cap": null,
          "headcount": null
        },
        "Q1 2017": {
          "revenue": 1.2684e+16,
          "operating_income": 856000000000000.0,
          "nopat": 684800000000000.0,
          "invested_capital": -3970000000000000.0,
          "reported_roic": -0.69,
          "goodwill": 5622000000000000.0,
          "intangibles": 0,
          "leases": 0,
          "adj_invested_capital": -9592000000000000.0,
          "restruct_avg": 42000000000000.0,
          "adj_nopat": 651200000000000.0,
          "adj_roic": -0.2716,
          "spread": 0.4184,
          "rev_per_employee": null,
          "capex_intensity": null,
          "fcf_conversion": null,
          "buyback_flag": true,
          "market_cap": null,
          "headcount": null
        },
        "Q2 2017": {
          "revenue": 1.2385e+16,
          "operating_income": 818000000000000.0,
          "nopat": 572600000000000.0,
          "invested_capital": -3468000000000000.0,
          "reported_roic": -0.6604,
          "goodwill": 5622000000000000.0,
          "intangibles": 0,
          "leases": 0,
          "adj_invested_capital": -9090000000000000.0,
          "restruct_avg": 46500000000000.0,
          "adj_nopat": 540049999999999.9,
          "adj_roic": -0.2376,
          "spread": 0.4228,
          "rev_per_employee": null,
          "capex_intensity": null,
          "fcf_conversion": null,
          "buyback_flag": true,
          "market_cap": null,
          "headcount": null
        },
        "Q3 2017": {
          "revenue": 1.306e+16,
          "operating_income": 955000000000000.0,
          "nopat": 764000000000000.0,
          "invested_capital": -4562000000000000.0,
          "reported_roic": -0.6699,
          "goodwill": 5622000000000000.0,
          "intangibles": 0,
          "leases": 0,
          "adj_invested_capital": -1.0184e+16,
          "restruct_avg": 46500000000000.0,
          "adj_nopat": 726800000000000.0,
          "adj_roic": -0.2855,
          "spread": 0.3844,
          "rev_per_employee": null,
          "capex_intensity": null,
          "fcf_conversion": null,
          "buyback_flag": true,
          "market_cap": null,
          "headcount": null
        },
        "Q4 2017": {
          "revenue": 1.3927e+16,
          "operating_income": 739000000000000.0,
          "nopat": 739000000000000.0,
          "invested_capital": -3658000000000000.0,
          "reported_roic": -0.8081,
          "goodwill": 5622000000000000.0,
          "intangibles": 0,
          "leases": 0,
          "adj_invested_capital": -9280000000000000.0,
          "restruct_avg": 51500000000000.0,
          "adj_nopat": 687500000000000.0,
          "adj_roic": -0.2963,
          "spread": 0.5118,
          "rev_per_employee": null,
          "capex_intensity": null,
          "fcf_conversion": null,
          "buyback_flag": true,
          "market_cap": null,
          "headcount": null
        },
        "Q1 2018": {
          "revenue": 1.4517e+16,
          "operating_income": 973000000000000.0,
          "nopat": -97300000000000.1,
          "invested_capital": -1877000000000000.0,
          "reported_roic": 0.2074,
          "goodwill": 5935000000000000.0,
          "intangibles": 0,
          "leases": 0,
          "adj_invested_capital": -7812000000000000.0,
          "restruct_avg": 48000000000000.0,
          "adj_nopat": -92500000000000.1,
          "adj_roic": 0.0474,
          "spread": -0.16,
          "rev_per_employee": null,
          "capex_intensity": null,
          "fcf_conversion": null,
          "buyback_flag": true,
          "market_cap": null,
          "headcount": null
        },
        "Q2 2018": {
          "revenue": 1.4003e+16,
          "operating_income": 964000000000000.0,
          "nopat": -1.02184e+16,
          "invested_capital": -1616000000000000.0,
          "reported_roic": 25.2931,
          "goodwill": 5941000000000000.0,
          "intangibles": 0,
          "leases": 0,
          "adj_invested_capital": -7557000000000000.0,
          "restruct_avg": 30000000000000.0,
          "adj_nopat": -9900400000000000.0,
          "adj_roic": 5.2404,
          "spread": -20.0527,
          "rev_per_employee": null,
          "capex_intensity": null,
          "fcf_conversion": null,
          "buyback_flag": true,
          "market_cap": null,
          "headcount": null
        },
        "Q3 2018": {
          "revenue": 1.4586e+16,
          "operating_income": 1080000000000000.0,
          "nopat": 972000000000000.0,
          "invested_capital": -3459000000000000.0,
          "reported_roic": -1.124,
          "goodwill": 5930000000000000.0,
          "intangibles": 0,
          "leases": 0,
          "adj_invested_capital": -9389000000000000.0,
          "restruct_avg": 28000000000000.0,
          "adj_nopat": 946800000000000.0,
          "adj_roic": -0.4034,
          "spread": 0.7207,
          "rev_per_employee": null,
          "capex_intensity": null,
          "fcf_conversion": null,
          "buyback_flag": true,
          "market_cap": null,
          "headcount": null
        },
        "Q4 2018": {
          "revenue": 1.5366e+16,
          "operating_income": 994000000000000.0,
          "nopat": 795200000000000.0,
          "invested_capital": -1281000000000000.0,
          "reported_roic": -2.4831,
          "goodwill": 5968000000000000.0,
          "intangibles": 0,
          "leases": 0,
          "adj_invested_capital": -7249000000000000.0,
          "restruct_avg": 24750000000000.0,
          "adj_nopat": 775400000000000.0,
          "adj_roic": -0.4279,
          "spread": 2.0552,
          "rev_per_employee": null,
          "capex_intensity": null,
          "fcf_conversion": null,
          "buyback_flag": true,
          "market_cap": null,
          "headcount": null
        },
        "Q1 2019": {
          "revenue": 1.471e+16,
          "operating_income": 926000000000000.0,
          "nopat": 833400000000000.0,
          "invested_capital": -498000000000000.0,
          "reported_roic": -6.694,
          "goodwill": 6343000000000000.0,
          "intangibles": 0,
          "leases": 0,
          "adj_invested_capital": -6841000000000000.0,
          "restruct_avg": 33500000000000.0,
          "adj_nopat": 803250000000000.0,
          "adj_roic": -0.4697,
          "spread": 6.2243,
          "rev_per_employee": null,
          "capex_intensity": null,
          "fcf_conversion": null,
          "buyback_flag": true,
          "market_cap": null,
          "headcount": null
        },
        "Q2 2019": {
          "revenue": 1.4036e+16,
          "operating_income": 928000000000000.0,
          "nopat": 835200000000000.0,
          "invested_capital": -294000000000000.0,
          "reported_roic": -11.3633,
          "goodwill": 6349000000000000.0,
          "intangibles": 0,
          "leases": 0,
          "adj_invested_capital": -6643000000000000.0,
          "restruct_avg": 37750000000000.0,
          "adj_nopat": 801225000000000.0,
          "adj_roic": -0.4824,
          "spread": 10.8808,
          "rev_per_employee": null,
          "capex_intensity": null,
          "fcf_conversion": null,
          "buyback_flag": true,
          "market_cap": null,
          "headcount": null
        },
        "Q3 2019": {
          "revenue": 1.4603e+16,
          "operating_income": 1079000000000000.0,
          "nopat": 5179200000000000.0,
          "invested_capital": -1320000000000000.0,
          "reported_roic": -15.6945,
          "goodwill": 6330000000000000.0,
          "intangibles": 0,
          "leases": 0,
          "adj_invested_capital": -7650000000000000.0,
          "restruct_avg": 43250000000000.0,
          "adj_nopat": 4971600000000000.0,
          "adj_roic": -2.5995,
          "spread": 13.095,
          "rev_per_employee": null,
          "capex_intensity": null,
          "fcf_conversion": null,
          "buyback_flag": false,
          "market_cap": null,
          "headcount": null
        },
        "Q4 2019": {
          "revenue": 1.5407e+16,
          "operating_income": 944000000000000.0,
          "nopat": 849600000000000.0,
          "invested_capital": -643000000000000.0,
          "reported_roic": -5.2852,
          "goodwill": 6372000000000000.0,
          "intangibles": 0,
          "leases": 0,
          "adj_invested_capital": -7015000000000000.0,
          "restruct_avg": 61750000000000.0,
          "adj_nopat": 794025000000000.0,
          "adj_roic": -0.4528,
          "spread": 4.8325,
          "rev_per_employee": null,
          "capex_intensity": null,
          "fcf_conversion": null,
          "buyback_flag": true,
          "market_cap": null,
          "headcount": null
        },
        "Q1 2020": {
          "revenue": 1.4618e+16,
          "operating_income": 865000000000000.0,
          "nopat": 692000000000000.0,
          "invested_capital": -1029000000000000.0,
          "reported_roic": -2.69,
          "goodwill": 6387000000000000.0,
          "intangibles": 0,
          "leases": 0,
          "adj_invested_capital": -7416000000000000.0,
          "restruct_avg": 112750000000000.0,
          "adj_nopat": 601800000000000.0,
          "adj_roic": -0.3246,
          "spread": 2.3654,
          "rev_per_employee": null,
          "capex_intensity": null,
          "fcf_conversion": null,
          "buyback_flag": true,
          "market_cap": null,
          "headcount": null
        },
        "Q2 2020": {
          "revenue": 1.2469e+16,
          "operating_income": 826000000000000.0,
          "nopat": 743400000000000.0,
          "invested_capital": 25000000000000.0,
          "reported_roic": 118.944,
          "goodwill": 6370000000000000.0,
          "intangibles": 0,
          "leases": 0,
          "adj_invested_capital": -6345000000000000.0,
          "restruct_avg": 104000000000000.0,
          "adj_nopat": 649800000000000.0,
          "adj_roic": -0.4096,
          "spread": -119.3536,
          "rev_per_employee": null,
          "capex_intensity": null,
          "fcf_conversion": null,
          "buyback_flag": false,
          "market_cap": null,
          "headcount": null
        },
        "Q3 2020": {
          "revenue": 1.4294e+16,
          "operating_income": 779000000000000.0,
          "nopat": 779000000000000.0,
          "invested_capital": -452000000000000.0,
          "reported_roic": -6.8938,
          "goodwill": 6386000000000000.0,
          "intangibles": 0,
          "leases": 0,
          "adj_invested_capital": -6838000000000000.0,
          "restruct_avg": 112000000000000.0,
          "adj_nopat": 667000000000000.0,
          "adj_roic": -0.3902,
          "spread": 6.5036,
          "rev_per_employee": null,
          "capex_intensity": null,
          "fcf_conversion": null,
          "buyback_flag": true,
          "market_cap": null,
          "headcount": null
        },
        "Q4 2020": {
          "revenue": 1.5257e+16,
          "operating_income": 972000000000000.0,
          "nopat": 972000000000000.0,
          "invested_capital": -963000000000000.0,
          "reported_roic": -4.0374,
          "goodwill": 6380000000000000.0,
          "intangibles": 0,
          "leases": 0,
          "adj_invested_capital": -7343000000000000.0,
          "restruct_avg": 91750000000000.0,
          "adj_nopat": 880250000000000.0,
          "adj_roic": -0.4795,
          "spread": 3.5579,
          "rev_per_employee": null,
          "capex_intensity": null,
          "fcf_conversion": null,
          "buyback_flag": true,
          "market_cap": null,
          "headcount": null
        },
        "Q1 2021": {
          "revenue": 1.5646e+16,
          "operating_income": 1321000000000000.0,
          "nopat": 1056800000000000.0,
          "invested_capital": -1251000000000000.0,
          "reported_roic": -3.3791,
          "goodwill": 6404000000000000.0,
          "intangibles": 0,
          "leases": 0,
          "adj_invested_capital": -7655000000000000.0,
          "restruct_avg": 56750000000000.0,
          "adj_nopat": 1011400000000000.0,
          "adj_roic": -0.5285,
          "spread": 2.8506,
          "rev_per_employee": null,
          "capex_intensity": null,
          "fcf_conversion": null,
          "buyback_flag": true,
          "market_cap": null,
          "headcount": null
        },
        "Q2 2021": {
          "revenue": 1.5877e+16,
          "operating_income": 1362000000000000.0,
          "nopat": 1225800000000000.0,
          "invested_capital": -676000000000000.0,
          "reported_roic": -7.2533,
          "goodwill": 6524000000000000.0,
          "intangibles": 0,
          "leases": 0,
          "adj_invested_capital": -7200000000000000.0,
          "restruct_avg": 58250000000000.0,
          "adj_nopat": 1173375000000000.0,
          "adj_roic": -0.6519,
          "spread": 6.6014,
          "rev_per_employee": null,
          "capex_intensity": null,
          "fcf_conversion": null,
          "buyback_flag": true,
          "market_cap": null,
          "headcount": null
        },
        "Q3 2021": {
          "revenue": 1.5289e+16,
          "operating_income": 1381000000000000.0,
          "nopat": 1104800000000000.0,
          "invested_capital": -302000000000000.0,
          "reported_roic": -14.6331,
          "goodwill": 6628000000000000.0,
          "intangibles": 0,
          "leases": 0,
          "adj_invested_capital": -6930000000000000.0,
          "restruct_avg": 58750000000000.0,
          "adj_nopat": 1057800000000000.0,
          "adj_roic": -0.6106,
          "spread": 14.0225,
          "rev_per_employee": null,
          "capex_intensity": null,
          "fcf_conversion": null,
          "buyback_flag": true,
          "market_cap": null,
          "headcount": null
        },
        "Q4 2021": {
          "revenue": 1.6648e+16,
          "operating_income": 1295000000000000.0,
          "nopat": 1295000000000000.0,
          "invested_capital": 1115000000000000.0,
          "reported_roic": 4.6457,
          "goodwill": 6803000000000000.0,
          "intangibles": 0,
          "leases": 0,
          "adj_invested_capital": -5688000000000000.0,
          "restruct_avg": 57250000000000.0,
          "adj_nopat": 1237750000000000.0,
          "adj_roic": -0.8704,
          "spread": -5.5162,
          "rev_per_employee": null,
          "capex_intensity": null,
          "fcf_conversion": null,
          "buyback_flag": true,
          "market_cap": null,
          "headcount": null
        },
        "Q1 2022": {
          "revenue": 1.7028e+16,
          "operating_income": 1359000000000000.0,
          "nopat": 1087200000000000.0,
          "invested_capital": 1308000000000000.0,
          "reported_roic": 3.3248,
          "goodwill": 6821000000000000.0,
          "intangibles": 0,
          "leases": 0,
          "adj_invested_capital": -5513000000000000.0,
          "restruct_avg": 44750000000000.0,
          "adj_nopat": 1051400000000000.0,
          "adj_roic": -0.7629,
          "spread": -4.0876,
          "rev_per_employee": null,
          "capex_intensity": null,
          "fcf_conversion": null,
          "buyback_flag": true,
          "market_cap": null,
          "headcount": null
        },
        "Q2 2022": {
          "revenue": 1.649e+16,
          "operating_income": 1278000000000000.0,
          "nopat": 1022400000000000.0,
          "invested_capital": 2532000000000000.0,
          "reported_roic": 1.6152,
          "goodwill": 6801000000000000.0,
          "intangibles": 0,
          "leases": 0,
          "adj_invested_capital": -4269000000000000.0,
          "restruct_avg": 55750000000000.0,
          "adj_nopat": 977800000000000.0,
          "adj_roic": -0.9162,
          "spread": -2.5314,
          "rev_per_employee": null,
          "capex_intensity": null,
          "fcf_conversion": null,
          "buyback_flag": true,
          "market_cap": null,
          "headcount": null
        },
        "Q3 2022": {
          "revenue": 1.4664e+16,
          "operating_income": 1272000000000000.0,
          "nopat": 1144800000000000.0,
          "invested_capital": 3190000000000000.0,
          "reported_roic": 1.4355,
          "goodwill": 6809000000000000.0,
          "intangibles": 0,
          "leases": 0,
          "adj_invested_capital": -3619000000000000.0,
          "restruct_avg": 45250000000000.0,
          "adj_nopat": 1104075000000000.0,
          "adj_roic": -1.2203,
          "spread": -2.6558,
          "rev_per_employee": null,
          "capex_intensity": null,
          "fcf_conversion": null,
          "buyback_flag": true,
          "market_cap": null,
          "headcount": null
        },
        "Q4 2022": {
          "revenue": 1.4774e+16,
          "operating_income": 741000000000000.0,
          "nopat": 666900000000000.0,
          "invested_capital": -6005000000000000.0,
          "reported_roic": -0.4442,
          "goodwill": 8541000000000000.0,
          "intangibles": 0,
          "leases": 0,
          "adj_invested_capital": -1.4546e+16,
          "restruct_avg": 52000000000000.0,
          "adj_nopat": 620100000000000.0,
          "adj_roic": -0.1705,
          "spread": 0.2737,
          "rev_per_employee": null,
          "capex_intensity": null,
          "fcf_conversion": null,
          "buyback_flag": true,
          "market_cap": null,
          "headcount": null
        },
        "Q1 2023": {
          "revenue": 1.3828e+16,
          "operating_income": 765000000000000.0,
          "nopat": 612000000000000.0,
          "invested_capital": -5061000000000000.0,
          "reported_roic": -0.4837,
          "goodwill": 8592000000000000.0,
          "intangibles": 0,
          "leases": 0,
          "adj_invested_capital": -1.3653e+16,
          "restruct_avg": 68000000000000.0,
          "adj_nopat": 557600000000000.0,
          "adj_roic": -0.1634,
          "spread": 0.3203,
          "rev_per_employee": null,
          "capex_intensity": null,
          "fcf_conversion": null,
          "buyback_flag": false,
          "market_cap": null,
          "headcount": null
        },
        "Q2 2023": {
          "revenue": 1.2913e+16,
          "operating_income": 762000000000000.0,
          "nopat": 1371600000000000.0,
          "invested_capital": -4350000000000000.0,
          "reported_roic": -1.2612,
          "goodwill": 8618000000000000.0,
          "intangibles": 0,
          "leases": 0,
          "adj_invested_capital": -1.2968e+16,
          "restruct_avg": 93000000000000.0,
          "adj_nopat": 1204200000000000.0,
          "adj_roic": -0.3714,
          "spread": 0.8898,
          "rev_per_employee": null,
          "capex_intensity": null,
          "fcf_conversion": null,
          "buyback_flag": false,
          "market_cap": null,
          "headcount": null
        },
        "Q3 2023": {
          "revenue": 1.3196e+16,
          "operating_income": 952000000000000.0,
          "nopat": 761600000000000.0,
          "invested_capital": -3740000000000000.0,
          "reported_roic": -0.8145,
          "goodwill": 8614000000000000.0,
          "intangibles": 0,
          "leases": 0,
          "adj_invested_capital": -1.2354e+16,
          "restruct_avg": 104000000000000.0,
          "adj_nopat": 678400000000000.0,
          "adj_roic": -0.2197,
          "spread": 0.5949,
          "rev_per_employee": null,
          "capex_intensity": null,
          "fcf_conversion": null,
          "buyback_flag": false,
          "market_cap": null,
          "headcount": null
        },
        "Q4 2023": {
          "revenue": 1.3817e+16,
          "operating_income": 1014000000000000.0,
          "nopat": 1014000000000000.0,
          "invested_capital": -3997000000000000.0,
          "reported_roic": -1.0148,
          "goodwill": 8591000000000000.0,
          "intangibles": 0,
          "leases": 0,
          "adj_invested_capital": -1.2588e+16,
          "restruct_avg": 111000000000000.0,
          "adj_nopat": 903000000000000.0,
          "adj_roic": -0.2869,
          "spread": 0.7278,
          "rev_per_employee": null,
          "capex_intensity": null,
          "fcf_conversion": null,
          "buyback_flag": false,
          "market_cap": null,
          "headcount": null
        },
        "Q1 2024": {
          "revenue": 1.3185e+16,
          "operating_income": 935000000000000.0,
          "nopat": 748000000000000.0,
          "invested_capital": -3710000000000000.0,
          "reported_roic": -0.8065,
          "goodwill": 8610000000000000.0,
          "intangibles": 0,
          "leases": 0,
          "adj_invested_capital": -1.232e+16,
          "restruct_avg": 90250000000000.0,
          "adj_nopat": 675800000000000.0,
          "adj_roic": -0.2194,
          "spread": 0.5871,
          "rev_per_employee": null,
          "capex_intensity": null,
          "fcf_conversion": null,
          "buyback_flag": true,
          "market_cap": null,
          "headcount": null
        },
        "Q2 2024": {
          "revenue": 1.28e+16,
          "operating_income": 952000000000000.0,
          "nopat": 761600000000000.0,
          "invested_capital": -3159000000000000.0,
          "reported_roic": -0.9644,
          "goodwill": 8590000000000000.0,
          "intangibles": 0,
          "leases": 0,
          "adj_invested_capital": -1.1749e+16,
          "restruct_avg": 59250000000000.0,
          "adj_nopat": 714200000000000.0,
          "adj_roic": -0.2432,
          "spread": 0.7212,
          "rev_per_employee": null,
          "capex_intensity": null,
          "fcf_conversion": null,
          "buyback_flag": false,
          "market_cap": null,
          "headcount": null
        },
        "Q3 2024": {
          "revenue": 1.3519e+16,
          "operating_income": 940000000000000.0,
          "nopat": 752000000000000.0,
          "invested_capital": -2842000000000000.0,
          "reported_roic": -1.0584,
          "goodwill": 8606000000000000.0,
          "intangibles": 0,
          "leases": 0,
          "adj_invested_capital": -1.1448e+16,
          "restruct_avg": 54250000000000.0,
          "adj_nopat": 708600000000000.0,
          "adj_roic": -0.2476,
          "spread": 0.8108,
          "rev_per_employee": null,
          "capex_intensity": null,
          "fcf_conversion": null,
          "buyback_flag": true,
          "market_cap": null,
          "headcount": null
        },
        "Q4 2024": {
          "revenue": 1.4055e+16,
          "operating_income": 991000000000000.0,
          "nopat": 1090100000000000.1,
          "invested_capital": -3203000000000000.0,
          "reported_roic": -1.3613,
          "goodwill": 8627000000000000.0,
          "intangibles": 0,
          "leases": 0,
          "adj_invested_capital": -1.183e+16,
          "restruct_avg": 58250000000000.0,
          "adj_nopat": 1026025000000000.1,
          "adj_roic": -0.3469,
          "spread": 1.0144,
          "rev_per_employee": null,
          "capex_intensity": null,
          "fcf_conversion": null,
          "buyback_flag": true,
          "market_cap": null,
          "headcount": null
        },
        "Q1 2025": {
          "revenue": 1.3504e+16,
          "operating_income": 845000000000000.0,
          "nopat": 676000000000000.0,
          "invested_capital": -2589000000000000.0,
          "reported_roic": -1.0444,
          "goodwill": 8599000000000000.0,
          "intangibles": 0,
          "leases": 0,
          "adj_invested_capital": -1.1188e+16,
          "restruct_avg": 60250000000000.0,
          "adj_nopat": 627800000000000.0,
          "adj_roic": -0.2245,
          "spread": 0.82,
          "rev_per_employee": null,
          "capex_intensity": null,
          "fcf_conversion": null,
          "buyback_flag": false,
          "market_cap": null,
          "headcount": null
        },
        "Q2 2025": {
          "revenue": 1.322e+16,
          "operating_income": 654000000000000.0,
          "nopat": 523200000000000.0,
          "invested_capital": -2581000000000000.0,
          "reported_roic": -0.8108,
          "goodwill": 8713000000000000.0,
          "intangibles": 0,
          "leases": 0,
          "adj_invested_capital": -1.1294e+16,
          "restruct_avg": 73000000000000.0,
          "adj_nopat": 464800000000000.0,
          "adj_roic": -0.1646,
          "spread": 0.6462,
          "rev_per_employee": null,
          "capex_intensity": null,
          "fcf_conversion": null,
          "buyback_flag": false,
          "market_cap": null,
          "headcount": null
        },
        "Q3 2025": {
          "revenue": 1.3932e+16,
          "operating_income": 716000000000000.0,
          "nopat": 859200000000000.0,
          "invested_capital": -3000000000000000.0,
          "reported_roic": -1.1456,
          "goodwill": 8714000000000000.0,
          "intangibles": 0,
          "leases": 0,
          "adj_invested_capital": -1.1714e+16,
          "restruct_avg": 88250000000000.0,
          "adj_nopat": 753300000000000.0,
          "adj_roic": -0.2572,
          "spread": 0.8884,
          "rev_per_employee": null,
          "capex_intensity": null,
          "fcf_conversion": null,
          "buyback_flag": false,
          "market_cap": null,
          "headcount": null
        },
        "Q4 2025": {
          "revenue": 1.4639e+16,
          "operating_income": 959000000000000.0,
          "nopat": 959000000000000.0,
          "invested_capital": -3248000000000000.0,
          "reported_roic": -1.181,
          "goodwill": 8706000000000000.0,
          "intangibles": 0,
          "leases": 0,
          "adj_invested_capital": -1.1954e+16,
          "restruct_avg": 81750000000000.0,
          "adj_nopat": 877250000000000.0,
          "adj_roic": -0.2935,
          "spread": 0.8875,
          "rev_per_employee": null,
          "capex_intensity": null,
          "fcf_conversion": null,
          "buyback_flag": true,
          "market_cap": null,
          "headcount": null
        }
      }
    },
    "CHGG": {
      "info": {
        "name": "Chegg",
        "sector": "EdTech",
        "tier": 1
      },
      "quarters": {}
    },
    "DBX": {
      "info": {
        "name": "Dropbox",
        "sector": "Technology",
        "tier": 1
      },
      "quarters": {}
    },
    "CHRW": {
      "info": {
        "name": "C.H. Robinson",
        "sector": "Logistics",
        "tier": 1
      },
      "quarters": {
        "Q1 2015": {
          "revenue": null,
          "operating_income": 181925000000000.0,
          "nopat": 109155000000000.0,
          "invested_capital": 1422237000000000.0,
          "reported_roic": 0.307,
          "goodwill": 1097267000000000.0,
          "intangibles": 138541000000000.0,
          "leases": 0,
          "adj_invested_capital": 186429000000000.0,
          "restruct_avg": 0.0,
          "adj_nopat": 109155000000000.0,
          "adj_roic": 2.342,
          "spread": 2.035,
          "rev_per_employee": null,
          "capex_intensity": null,
          "fcf_conversion": 0.8841,
          "buyback_flag": true,
          "market_cap": null,
          "headcount": null
        },
        "Q2 2015": {
          "revenue": null,
          "operating_income": 229095000000000.0,
          "nopat": 137457000000000.0,
          "invested_capital": 1440400000000000.0,
          "reported_roic": 0.3817,
          "goodwill": 1097579000000000.0,
          "intangibles": 132450000000000.0,
          "leases": 0,
          "adj_invested_capital": 210371000000000.0,
          "restruct_avg": 0.0,
          "adj_nopat": 137457000000000.0,
          "adj_roic": 2.6136,
          "spread": 2.2319,
          "rev_per_employee": null,
          "capex_intensity": null,
          "fcf_conversion": 1.0414,
          "buyback_flag": true,
          "market_cap": null,
          "headcount": null
        },
        "Q3 2015": {
          "revenue": null,
          "operating_income": 232711000000000.0,
          "nopat": 139626600000000.0,
          "invested_capital": 1488276000000000.0,
          "reported_roic": 0.3753,
          "goodwill": 1097740000000000.0,
          "intangibles": 126353000000000.0,
          "leases": 0,
          "adj_invested_capital": 264183000000000.0,
          "restruct_avg": 0.0,
          "adj_nopat": 139626600000000.0,
          "adj_roic": 2.1141,
          "spread": 1.7388,
          "rev_per_employee": null,
          "capex_intensity": null,
          "fcf_conversion": null,
          "buyback_flag": false,
          "market_cap": null,
          "headcount": null
        },
        "Q4 2015": {
          "revenue": null,
          "operating_income": 214579000000000.0,
          "nopat": 214579000000000.0,
          "invested_capital": 1482221000000000.0,
          "reported_roic": 0.5791,
          "goodwill": 1108337000000000.0,
          "intangibles": 120242000000000.0,
          "leases": 0,
          "adj_invested_capital": 253642000000000.0,
          "restruct_avg": 0.0,
          "adj_nopat": 214579000000000.0,
          "adj_roic": 3.384,
          "spread": 2.8049,
          "rev_per_employee": null,
          "capex_intensity": null,
          "fcf_conversion": 1.1422,
          "buyback_flag": true,
          "market_cap": null,
          "headcount": null
        },
        "Q1 2016": {
          "revenue": null,
          "operating_income": 198952000000000.0,
          "nopat": 119371200000000.0,
          "invested_capital": 1512400000000000.0,
          "reported_roic": 0.3157,
          "goodwill": 1109392000000000.0,
          "intangibles": 114182000000000.0,
          "leases": 0,
          "adj_invested_capital": 288826000000000.0,
          "restruct_avg": 0.0,
          "adj_nopat": 119371200000000.0,
          "adj_roic": 1.6532,
          "spread": 1.3375,
          "rev_per_employee": null,
          "capex_intensity": null,
          "fcf_conversion": 0.7626,
          "buyback_flag": false,
          "market_cap": null,
          "headcount": null
        },
        "Q2 2016": {
          "revenue": null,
          "operating_income": 233747000000000.0,
          "nopat": 140248200000000.0,
          "invested_capital": 1555757000000000.0,
          "reported_roic": 0.3606,
          "goodwill": 1108761000000000.0,
          "intangibles": 108072000000000.0,
          "leases": 0,
          "adj_invested_capital": 338924000000000.0,
          "restruct_avg": 0.0,
          "adj_nopat": 140248200000000.0,
          "adj_roic": 1.6552,
          "spread": 1.2946,
          "rev_per_employee": null,
          "capex_intensity": null,
          "fcf_conversion": 0.8752,
          "buyback_flag": false,
          "market_cap": null,
          "headcount": null
        },
        "Q3 2016": {
          "revenue": null,
          "operating_income": 211267000000000.0,
          "nopat": 126760200000000.0,
          "invested_capital": 1545219000000000.0,
          "reported_roic": 0.3281,
          "goodwill": 1275390000000000.0,
          "intangibles": 150027000000000.0,
          "leases": 0,
          "adj_invested_capital": 119802000000000.0,
          "restruct_avg": 0.0,
          "adj_nopat": 126760200000000.0,
          "adj_roic": 4.2323,
          "spread": 3.9042,
          "rev_per_employee": null,
          "capex_intensity": null,
          "fcf_conversion": null,
          "buyback_flag": false,
          "market_cap": null,
          "headcount": null
        },
        "Q4 2016": {
          "revenue": null,
          "operating_income": 193565000000000.0,
          "nopat": 193565000000000.0,
          "invested_capital": 1510181000000000.0,
          "reported_roic": 0.5127,
          "goodwill": 1232796000000000.0,
          "intangibles": 167525000000000.0,
          "leases": 0,
          "adj_invested_capital": 109860000000000.0,
          "restruct_avg": 0.0,
          "adj_nopat": 193565000000000.0,
          "adj_roic": 7.0477,
          "spread": 6.535,
          "rev_per_employee": null,
          "capex_intensity": null,
          "fcf_conversion": 0.6987,
          "buyback_flag": true,
          "market_cap": null,
          "headcount": null
        },
        "Q1 2017": {
          "revenue": 3415125000000000.0,
          "operating_income": 187958000000000.0,
          "nopat": 131570600000000.0,
          "invested_capital": 1586080000000000.0,
          "reported_roic": 0.3318,
          "goodwill": 1240950000000000.0,
          "intangibles": 162945000000000.0,
          "leases": 0,
          "adj_invested_capital": 182185000000000.0,
          "restruct_avg": 0.0,
          "adj_nopat": 131570600000000.0,
          "adj_roic": 2.8887,
          "spread": 2.5569,
          "rev_per_employee": null,
          "capex_intensity": 0.004,
          "fcf_conversion": 0.6016,
          "buyback_flag": false,
          "market_cap": null,
          "headcount": null
        },
        "Q2 2017": {
          "revenue": 3710018000000000.0,
          "operating_income": 181820000000000.0,
          "nopat": 109092000000000.0,
          "invested_capital": 1814026000000000.0,
          "reported_roic": 0.2406,
          "goodwill": 1242918000000000.0,
          "intangibles": 154124000000000.0,
          "leases": 0,
          "adj_invested_capital": 416984000000000.0,
          "restruct_avg": 0.0,
          "adj_nopat": 109092000000000.0,
          "adj_roic": 1.0465,
          "spread": 0.8059,
          "rev_per_employee": null,
          "capex_intensity": 0.0028,
          "fcf_conversion": 0.4285,
          "buyback_flag": true,
          "market_cap": null,
          "headcount": null
        },
        "Q3 2017": {
          "revenue": 3784451000000000.0,
          "operating_income": 194465000000000.0,
          "nopat": 136125500000000.0,
          "invested_capital": 1807568000000000.0,
          "reported_roic": 0.3012,
          "goodwill": 1275550000000000.0,
          "intangibles": 160595000000000.0,
          "leases": 0,
          "adj_invested_capital": 371423000000000.0,
          "restruct_avg": 0.0,
          "adj_nopat": 136125500000000.0,
          "adj_roic": 1.466,
          "spread": 1.1648,
          "rev_per_employee": null,
          "capex_intensity": null,
          "fcf_conversion": null,
          "buyback_flag": false,
          "market_cap": null,
          "headcount": null
        },
        "Q4 2017": {
          "revenue": 3959786000000000.0,
          "operating_income": 210876000000000.0,
          "nopat": 210876000000000.0,
          "invested_capital": 3271855000000000.0,
          "reported_roic": 0.2578,
          "goodwill": 1275816000000000.0,
          "intangibles": 151585000000000.0,
          "leases": 0,
          "adj_invested_capital": 1844454000000000.0,
          "restruct_avg": 0.0,
          "adj_nopat": 210876000000000.0,
          "adj_roic": 0.4573,
          "spread": 0.1995,
          "rev_per_employee": null,
          "capex_intensity": 0.002,
          "fcf_conversion": 0.7477,
          "buyback_flag": false,
          "market_cap": null,
          "headcount": null
        },
        "Q1 2018": {
          "revenue": 3925327000000000.0,
          "operating_income": 191585000000000.0,
          "nopat": 153268000000000.0,
          "invested_capital": 3186890000000000.0,
          "reported_roic": 0.1924,
          "goodwill": 1273850000000000.0,
          "intangibles": 140874000000000.0,
          "leases": 0,
          "adj_invested_capital": 1772166000000000.0,
          "restruct_avg": 0.0,
          "adj_nopat": 153268000000000.0,
          "adj_roic": 0.3459,
          "spread": 0.1536,
          "rev_per_employee": null,
          "capex_intensity": 0.003,
          "fcf_conversion": 1.2322,
          "buyback_flag": true,
          "market_cap": null,
          "headcount": null
        },
        "Q2 2018": {
          "revenue": 4276037000000000.0,
          "operating_income": 219008000000000.0,
          "nopat": 153305600000000.0,
          "invested_capital": 2680638000000000.0,
          "reported_roic": 0.2288,
          "goodwill": 1265778000000000.0,
          "intangibles": 130254000000000.0,
          "leases": 0,
          "adj_invested_capital": 1284606000000000.0,
          "restruct_avg": 0.0,
          "adj_nopat": 153305600000000.0,
          "adj_roic": 0.4774,
          "spread": 0.2486,
          "rev_per_employee": null,
          "capex_intensity": 0.0021,
          "fcf_conversion": 0.6461,
          "buyback_flag": true,
          "market_cap": null,
          "headcount": null
        },
        "Q3 2018": {
          "revenue": 4291900000000000.0,
          "operating_income": 245973000000000.0,
          "nopat": 172181100000000.0,
          "invested_capital": 2610105000000000.0,
          "reported_roic": 0.2639,
          "goodwill": 1265226000000000.0,
          "intangibles": 120216000000000.0,
          "leases": 0,
          "adj_invested_capital": 1224663000000000.0,
          "restruct_avg": 0.0,
          "adj_nopat": 172181100000000.0,
          "adj_roic": 0.5624,
          "spread": 0.2985,
          "rev_per_employee": null,
          "capex_intensity": null,
          "fcf_conversion": null,
          "buyback_flag": false,
          "market_cap": null,
          "headcount": null
        },
        "Q4 2018": {
          "revenue": 4137908000000000.0,
          "operating_income": 255517000000000.0,
          "nopat": 255517000000000.0,
          "invested_capital": 2567824000000000.0,
          "reported_roic": 0.398,
          "goodwill": 1258922000000000.0,
          "intangibles": 108822000000000.0,
          "leases": 0,
          "adj_invested_capital": 1200080000000000.0,
          "restruct_avg": 0.0,
          "adj_nopat": 255517000000000.0,
          "adj_roic": 0.8517,
          "spread": 0.4536,
          "rev_per_employee": null,
          "capex_intensity": 0.0022,
          "fcf_conversion": 0.9972,
          "buyback_flag": true,
          "market_cap": null,
          "headcount": null
        },
        "Q1 2019": {
          "revenue": 3751210000000000.0,
          "operating_income": 224550000000000.0,
          "nopat": 179640000000000.0,
          "invested_capital": 2548693000000000.0,
          "reported_roic": 0.2819,
          "goodwill": 1283981000000000.0,
          "intangibles": 116367000000000.0,
          "leases": 0,
          "adj_invested_capital": 1148345000000000.0,
          "restruct_avg": 0.0,
          "adj_nopat": 179640000000000.0,
          "adj_roic": 0.6257,
          "spread": 0.3438,
          "rev_per_employee": null,
          "capex_intensity": 0.0023,
          "fcf_conversion": 1.3823,
          "buyback_flag": true,
          "market_cap": null,
          "headcount": null
        },
        "Q2 2019": {
          "revenue": 3908840000000000.0,
          "operating_income": 227535000000000.0,
          "nopat": 182028000000000.0,
          "invested_capital": 2557853000000000.0,
          "reported_roic": 0.2847,
          "goodwill": 1291715000000000.0,
          "intangibles": 110869000000000.0,
          "leases": 0,
          "adj_invested_capital": 1155269000000000.0,
          "restruct_avg": 0.0,
          "adj_nopat": 182028000000000.0,
          "adj_roic": 0.6303,
          "spread": 0.3456,
          "rev_per_employee": null,
          "capex_intensity": 0.0021,
          "fcf_conversion": 1.0517,
          "buyback_flag": true,
          "market_cap": null,
          "headcount": null
        },
        "Q3 2019": {
          "revenue": 3856132000000000.0,
          "operating_income": 201085000000000.0,
          "nopat": 160868000000000.0,
          "invested_capital": 2541763000000000.0,
          "reported_roic": 0.2532,
          "goodwill": 1285891000000000.0,
          "intangibles": 98683000000000.0,
          "leases": 0,
          "adj_invested_capital": 1157189000000000.0,
          "restruct_avg": 0.0,
          "adj_nopat": 160868000000000.0,
          "adj_roic": 0.5561,
          "spread": 0.3029,
          "rev_per_employee": null,
          "capex_intensity": null,
          "fcf_conversion": null,
          "buyback_flag": false,
          "market_cap": null,
          "headcount": null
        },
        "Q4 2019": {
          "revenue": 3793326000000000.0,
          "operating_income": 136806000000000.0,
          "nopat": 136806000000000.0,
          "invested_capital": 2601090000000000.0,
          "reported_roic": 0.2104,
          "goodwill": 1291760000000000.0,
          "intangibles": 90931000000000.0,
          "leases": 0,
          "adj_invested_capital": 1218399000000000.0,
          "restruct_avg": 0.0,
          "adj_nopat": 136806000000000.0,
          "adj_roic": 0.4491,
          "spread": 0.2388,
          "rev_per_employee": null,
          "capex_intensity": 0.0025,
          "fcf_conversion": 1.476,
          "buyback_flag": true,
          "market_cap": null,
          "headcount": null
        },
        "Q1 2020": {
          "revenue": 3805008000000000.0,
          "operating_income": 109440000000000.0,
          "nopat": 87552000000000.0,
          "invested_capital": 3027040000000000.0,
          "reported_roic": 0.1157,
          "goodwill": 1450999000000000.0,
          "intangibles": 132013000000000.0,
          "leases": 0,
          "adj_invested_capital": 1444028000000000.0,
          "restruct_avg": 0.0,
          "adj_nopat": 87552000000000.0,
          "adj_roic": 0.2425,
          "spread": 0.1268,
          "rev_per_employee": null,
          "capex_intensity": 0.0021,
          "fcf_conversion": 0.5786,
          "buyback_flag": true,
          "market_cap": null,
          "headcount": null
        },
        "Q2 2020": {
          "revenue": 3627846000000000.0,
          "operating_income": 188787000000000.0,
          "nopat": 151029600000000.0,
          "invested_capital": 2434965000000000.0,
          "reported_roic": 0.2481,
          "goodwill": 1465755000000000.0,
          "intangibles": 126589000000000.0,
          "leases": 0,
          "adj_invested_capital": 842621000000000.0,
          "restruct_avg": 0.0,
          "adj_nopat": 151029600000000.0,
          "adj_roic": 0.717,
          "spread": 0.4689,
          "rev_per_employee": null,
          "capex_intensity": 0.001,
          "fcf_conversion": 2.9356,
          "buyback_flag": false,
          "market_cap": null,
          "headcount": null
        },
        "Q3 2020": {
          "revenue": 4224800000000000.0,
          "operating_income": 168239000000000.0,
          "nopat": 134591200000000.0,
          "invested_capital": 2833835000000000.0,
          "reported_roic": 0.19,
          "goodwill": 1473440000000000.0,
          "intangibles": 118741000000000.0,
          "leases": 0,
          "adj_invested_capital": 1241654000000000.0,
          "restruct_avg": 0.0,
          "adj_nopat": 134591200000000.0,
          "adj_roic": 0.4336,
          "spread": 0.2436,
          "rev_per_employee": null,
          "capex_intensity": null,
          "fcf_conversion": null,
          "buyback_flag": false,
          "market_cap": null,
          "headcount": null
        },
        "Q4 2020": {
          "revenue": 4549452000000000.0,
          "operating_income": 206802000000000.0,
          "nopat": 206802000000000.0,
          "invested_capital": 2729438000000000.0,
          "reported_roic": 0.3031,
          "goodwill": 1487187000000000.0,
          "intangibles": 113910000000000.0,
          "leases": 0,
          "adj_invested_capital": 1128341000000000.0,
          "restruct_avg": 0.0,
          "adj_nopat": 206802000000000.0,
          "adj_roic": 0.7331,
          "spread": 0.43,
          "rev_per_employee": null,
          "capex_intensity": 0.0013,
          "fcf_conversion": 0.7565,
          "buyback_flag": true,
          "market_cap": null,
          "headcount": null
        },
        "Q1 2021": {
          "revenue": 4803869000000000.0,
          "operating_income": 223329000000000.0,
          "nopat": 178663200000000.0,
          "invested_capital": 3244093000000000.0,
          "reported_roic": 0.2203,
          "goodwill": 1483560000000000.0,
          "intangibles": 105969000000000.0,
          "leases": 0,
          "adj_invested_capital": 1654564000000000.0,
          "restruct_avg": 0.0,
          "adj_nopat": 178663200000000.0,
          "adj_roic": 0.4319,
          "spread": 0.2116,
          "rev_per_employee": null,
          "capex_intensity": 0.0011,
          "fcf_conversion": -0.3477,
          "buyback_flag": true,
          "market_cap": null,
          "headcount": null
        },
        "Q2 2021": {
          "revenue": 5532726000000000.0,
          "operating_income": 260604000000000.0,
          "nopat": 208483200000000.0,
          "invested_capital": 3371595000000000.0,
          "reported_roic": 0.2473,
          "goodwill": 1493711000000000.0,
          "intangibles": 103640000000000.0,
          "leases": 0,
          "adj_invested_capital": 1774244000000000.0,
          "restruct_avg": 0.0,
          "adj_nopat": 208483200000000.0,
          "adj_roic": 0.47,
          "spread": 0.2227,
          "rev_per_employee": null,
          "capex_intensity": 0.0013,
          "fcf_conversion": 0.6805,
          "buyback_flag": true,
          "market_cap": null,
          "headcount": null
        },
        "Q3 2021": {
          "revenue": 6263695000000000.0,
          "operating_income": 310769000000000.0,
          "nopat": 248615200000000.0,
          "invested_capital": 4106101000000000.0,
          "reported_roic": 0.2422,
          "goodwill": 1486199000000000.0,
          "intangibles": 96025000000000.0,
          "leases": 0,
          "adj_invested_capital": 2523877000000000.0,
          "restruct_avg": 0.0,
          "adj_nopat": 248615200000000.0,
          "adj_roic": 0.394,
          "spread": 0.1518,
          "rev_per_employee": null,
          "capex_intensity": null,
          "fcf_conversion": null,
          "buyback_flag": false,
          "market_cap": null,
          "headcount": null
        },
        "Q4 2021": {
          "revenue": 6501848000000000.0,
          "operating_income": 287406000000000.0,
          "nopat": 287406000000000.0,
          "invested_capital": 4208170000000000.0,
          "reported_roic": 0.2732,
          "goodwill": 1484754000000000.0,
          "intangibles": 89606000000000.0,
          "leases": 0,
          "adj_invested_capital": 2633810000000000.0,
          "restruct_avg": 0.0,
          "adj_nopat": 287406000000000.0,
          "adj_roic": 0.4365,
          "spread": 0.1633,
          "rev_per_employee": null,
          "capex_intensity": 0.0012,
          "fcf_conversion": 0.2372,
          "buyback_flag": true,
          "market_cap": null,
          "headcount": null
        },
        "Q1 2022": {
          "revenue": 6815953000000000.0,
          "operating_income": 345474000000000.0,
          "nopat": 276379200000000.0,
          "invested_capital": 4590449000000000.0,
          "reported_roic": 0.2408,
          "goodwill": 1488616000000000.0,
          "intangibles": 84011000000000.0,
          "leases": 0,
          "adj_invested_capital": 3017822000000000.0,
          "restruct_avg": 0.0,
          "adj_nopat": 276379200000000.0,
          "adj_roic": 0.3663,
          "spread": 0.1255,
          "rev_per_employee": null,
          "capex_intensity": 0.0015,
          "fcf_conversion": -0.0867,
          "buyback_flag": true,
          "market_cap": null,
          "headcount": null
        },
        "Q2 2022": {
          "revenue": 6798475000000000.0,
          "operating_income": 469665000000000.0,
          "nopat": 375732000000000.0,
          "invested_capital": 4755545000000000.0,
          "reported_roic": 0.316,
          "goodwill": 1472855000000000.0,
          "intangibles": 75789000000000.0,
          "leases": 0,
          "adj_invested_capital": 3206901000000000.0,
          "restruct_avg": 0.0,
          "adj_nopat": 375732000000000.0,
          "adj_roic": 0.4687,
          "spread": 0.1526,
          "rev_per_employee": null,
          "capex_intensity": 0.0039,
          "fcf_conversion": 0.6348,
          "buyback_flag": true,
          "market_cap": null,
          "headcount": null
        },
        "Q3 2022": {
          "revenue": 6015376000000000.0,
          "operating_income": 287609000000000.0,
          "nopat": 230087200000000.0,
          "invested_capital": 4467409000000000.0,
          "reported_roic": 0.206,
          "goodwill": 1458303000000000.0,
          "intangibles": 68122000000000.0,
          "leases": 0,
          "adj_invested_capital": 2940984000000000.0,
          "restruct_avg": 0.0,
          "adj_nopat": 230087200000000.0,
          "adj_roic": 0.3129,
          "spread": 0.1069,
          "rev_per_employee": null,
          "capex_intensity": null,
          "fcf_conversion": null,
          "buyback_flag": false,
          "market_cap": null,
          "headcount": null
        },
        "Q4 2022": {
          "revenue": 5066821000000000.0,
          "operating_income": 164034000000000.0,
          "nopat": 164034000000000.0,
          "invested_capital": 4163299000000000.0,
          "reported_roic": 0.1576,
          "goodwill": 1470813000000000.0,
          "intangibles": 64026000000000.0,
          "leases": 0,
          "adj_invested_capital": 2628460000000000.0,
          "restruct_avg": 9171000000000.0,
          "adj_nopat": 154863000000000.0,
          "adj_roic": 0.2357,
          "spread": 0.0781,
          "rev_per_employee": null,
          "capex_intensity": 0.0022,
          "fcf_conversion": 4.9217,
          "buyback_flag": true,
          "market_cap": null,
          "headcount": null
        },
        "Q1 2023": {
          "revenue": 4611670000000000.0,
          "operating_income": 161033000000000.0,
          "nopat": 144929700000000.0,
          "invested_capital": 3968018000000000.0,
          "reported_roic": 0.1461,
          "goodwill": 1470686000000000.0,
          "intangibles": 58397000000000.0,
          "leases": 0,
          "adj_invested_capital": 2438935000000000.0,
          "restruct_avg": 10101500000000.0,
          "adj_nopat": 135838350000000.0,
          "adj_roic": 0.2228,
          "spread": 0.0767,
          "rev_per_employee": null,
          "capex_intensity": 0.0025,
          "fcf_conversion": 1.7902,
          "buyback_flag": false,
          "market_cap": null,
          "headcount": null
        },
        "Q2 2023": {
          "revenue": 4421856000000000.0,
          "operating_income": 132623000000000.0,
          "nopat": 119360700000000.0,
          "invested_capital": 3730173000000000.0,
          "reported_roic": 0.128,
          "goodwill": 1469407000000000.0,
          "intangibles": 52591000000000.0,
          "leases": 0,
          "adj_invested_capital": 2208175000000000.0,
          "restruct_avg": 13634500000000.0,
          "adj_nopat": 107089650000000.0,
          "adj_roic": 0.194,
          "spread": 0.066,
          "rev_per_employee": null,
          "capex_intensity": 0.0023,
          "fcf_conversion": 2.0032,
          "buyback_flag": false,
          "market_cap": null,
          "headcount": null
        },
        "Q3 2023": {
          "revenue": 4341030000000000.0,
          "operating_income": 113522000000000.0,
          "nopat": 102169800000000.0,
          "invested_capital": 3476503000000000.0,
          "reported_roic": 0.1176,
          "goodwill": 1465319000000000.0,
          "intangibles": 46579000000000.0,
          "leases": 0,
          "adj_invested_capital": 1964605000000000.0,
          "restruct_avg": 13634500000000.0,
          "adj_nopat": 89898750000000.0,
          "adj_roic": 0.183,
          "spread": 0.0655,
          "rev_per_employee": null,
          "capex_intensity": null,
          "fcf_conversion": null,
          "buyback_flag": false,
          "market_cap": null,
          "headcount": null
        },
        "Q4 2023": {
          "revenue": 4221887000000000.0,
          "operating_income": 107429000000000.0,
          "nopat": 96686100000000.0,
          "invested_capital": 3013660000000000.0,
          "reported_roic": 0.1283,
          "goodwill": 1473600000000000.0,
          "intangibles": 43662000000000.0,
          "leases": 0,
          "adj_invested_capital": 1496398000000000.0,
          "restruct_avg": 4463500000000.0,
          "adj_nopat": 92668950000000.0,
          "adj_roic": 0.2477,
          "spread": 0.1194,
          "rev_per_employee": null,
          "capex_intensity": 0.001,
          "fcf_conversion": 0.4665,
          "buyback_flag": false,
          "market_cap": null,
          "headcount": null
        },
        "Q1 2024": {
          "revenue": 4412311000000000.0,
          "operating_income": 127133000000000.0,
          "nopat": 101706400000000.0,
          "invested_capital": 3288932000000000.0,
          "reported_roic": 0.1237,
          "goodwill": 1467018000000000.0,
          "intangibles": 40127000000000.0,
          "leases": 0,
          "adj_invested_capital": 1781787000000000.0,
          "restruct_avg": 3533000000000.0,
          "adj_nopat": 98880000000000.0,
          "adj_roic": 0.222,
          "spread": 0.0983,
          "rev_per_employee": null,
          "capex_intensity": 0.002,
          "fcf_conversion": -0.4242,
          "buyback_flag": false,
          "market_cap": null,
          "headcount": null
        },
        "Q2 2024": {
          "revenue": 4483348000000000.0,
          "operating_income": 178090000000000.0,
          "nopat": 142472000000000.0,
          "invested_capital": 3194341000000000.0,
          "reported_roic": 0.1784,
          "goodwill": 1468605000000000.0,
          "intangibles": 36763000000000.0,
          "leases": 0,
          "adj_invested_capital": 1688973000000000.0,
          "restruct_avg": 0.0,
          "adj_nopat": 142472000000000.0,
          "adj_roic": 0.3374,
          "spread": 0.159,
          "rev_per_employee": null,
          "capex_intensity": 0.0015,
          "fcf_conversion": 1.1217,
          "buyback_flag": false,
          "market_cap": null,
          "headcount": null
        },
        "Q3 2024": {
          "revenue": 4644641000000000.0,
          "operating_income": 180119000000000.0,
          "nopat": 126083300000000.0,
          "invested_capital": 3219718000000000.0,
          "reported_roic": 0.1566,
          "goodwill": 1446695000000000.0,
          "intangibles": 30987000000000.0,
          "leases": 0,
          "adj_invested_capital": 1742036000000000.0,
          "restruct_avg": 0.0,
          "adj_nopat": 126083300000000.0,
          "adj_roic": 0.2895,
          "spread": 0.1329,
          "rev_per_employee": null,
          "capex_intensity": null,
          "fcf_conversion": null,
          "buyback_flag": false,
          "market_cap": null,
          "headcount": null
        },
        "Q4 2024": {
          "revenue": 4184656000000000.0,
          "operating_income": 183799000000000.0,
          "nopat": 183799000000000.0,
          "invested_capital": 3409730000000000.0,
          "reported_roic": 0.2156,
          "goodwill": 1428965000000000.0,
          "intangibles": 28193000000000.0,
          "leases": 0,
          "adj_invested_capital": 1952572000000000.0,
          "restruct_avg": 0.0,
          "adj_nopat": 183799000000000.0,
          "adj_roic": 0.3765,
          "spread": 0.1609,
          "rev_per_employee": null,
          "capex_intensity": 0.0006,
          "fcf_conversion": 1.4432,
          "buyback_flag": false,
          "market_cap": null,
          "headcount": null
        },
        "Q1 2025": {
          "revenue": 4046740000000000.0,
          "operating_income": 176853000000000.0,
          "nopat": 159167700000000.0,
          "invested_capital": 3462578000000000.0,
          "reported_roic": 0.1839,
          "goodwill": 1432136000000000.0,
          "intangibles": 25735000000000.0,
          "leases": 0,
          "adj_invested_capital": 2004707000000000.0,
          "restruct_avg": 0.0,
          "adj_nopat": 159167700000000.0,
          "adj_roic": 0.3176,
          "spread": 0.1337,
          "rev_per_employee": null,
          "capex_intensity": 0.0008,
          "fcf_conversion": 0.6483,
          "buyback_flag": false,
          "market_cap": null,
          "headcount": null
        },
        "Q2 2025": {
          "revenue": 4136543000000000.0,
          "operating_income": 215919000000000.0,
          "nopat": 172735200000000.0,
          "invested_capital": 3414546000000000.0,
          "reported_roic": 0.2024,
          "goodwill": 1441198000000000.0,
          "intangibles": 23322000000000.0,
          "leases": 0,
          "adj_invested_capital": 1950026000000000.0,
          "restruct_avg": 0.0,
          "adj_nopat": 172735200000000.0,
          "adj_roic": 0.3543,
          "spread": 0.152,
          "rev_per_employee": null,
          "capex_intensity": 0.0018,
          "fcf_conversion": 1.2727,
          "buyback_flag": true,
          "market_cap": null,
          "headcount": null
        },
        "Q3 2025": {
          "revenue": 4136846000000000.0,
          "operating_income": 220836000000000.0,
          "nopat": 176668800000000.0,
          "invested_capital": 2903354000000000.0,
          "reported_roic": 0.2434,
          "goodwill": 1441144000000000.0,
          "intangibles": 20748000000000.0,
          "leases": 0,
          "adj_invested_capital": 1441462000000000.0,
          "restruct_avg": 0.0,
          "adj_nopat": 176668800000000.0,
          "adj_roic": 0.4902,
          "spread": 0.2468,
          "rev_per_employee": null,
          "capex_intensity": null,
          "fcf_conversion": null,
          "buyback_flag": false,
          "market_cap": null,
          "headcount": null
        },
        "Q4 2025": {
          "revenue": 3912634000000000.0,
          "operating_income": 181353000000000.0,
          "nopat": 181353000000000.0,
          "invested_capital": 2774214000000000.0,
          "reported_roic": 0.2615,
          "goodwill": 1457976000000000.0,
          "intangibles": 18174000000000.0,
          "leases": 0,
          "adj_invested_capital": 1298064000000000.0,
          "restruct_avg": 0.0,
          "adj_nopat": 181353000000000.0,
          "adj_roic": 0.5588,
          "spread": 0.2974,
          "rev_per_employee": null,
          "capex_intensity": 0.0008,
          "fcf_conversion": 1.6675,
          "buyback_flag": true,
          "market_cap": null,
          "headcount": null
        }
      }
    },
    "PYPL": {
      "info": {
        "name": "PayPal",
        "sector": "Fintech",
        "tier": 1
      },
      "quarters": {
        "Q4 2018": {
          "revenue": 4226000000000000.0,
          "operating_income": 598000000000000.0,
          "nopat": 598000000000000.0,
          "invested_capital": 7811000000000000.0,
          "reported_roic": 0.3062,
          "goodwill": 6284000000000000.0,
          "intangibles": 825000000000000.0,
          "leases": 0,
          "adj_invested_capital": 702000000000000.0,
          "restruct_avg": 6250000000000.0,
          "adj_nopat": 591750000000000.0,
          "adj_roic": 3.3718,
          "spread": 3.0656,
          "rev_per_employee": null,
          "capex_intensity": 0.053,
          "fcf_conversion": 1.5327,
          "buyback_flag": true,
          "market_cap": null,
          "headcount": null
        },
        "Q3 2019": {
          "revenue": 4378000000000000.0,
          "operating_income": 697000000000000.0,
          "nopat": 627300000000000.0,
          "invested_capital": 1.457e+16,
          "reported_roic": 0.1722,
          "goodwill": 6178000000000000.0,
          "intangibles": 629000000000000.0,
          "leases": 0,
          "adj_invested_capital": 7763000000000000.0,
          "restruct_avg": 19500000000000.0,
          "adj_nopat": 609750000000000.0,
          "adj_roic": 0.3142,
          "spread": 0.142,
          "rev_per_employee": null,
          "capex_intensity": null,
          "fcf_conversion": null,
          "buyback_flag": false,
          "market_cap": null,
          "headcount": null
        },
        "Q4 2019": {
          "revenue": 4961000000000000.0,
          "operating_income": 799000000000000.0,
          "nopat": 719100000000000.0,
          "invested_capital": 1.4501e+16,
          "reported_roic": 0.1984,
          "goodwill": 6212000000000000.0,
          "intangibles": 778000000000000.0,
          "leases": 0,
          "adj_invested_capital": 7511000000000000.0,
          "restruct_avg": 19500000000000.0,
          "adj_nopat": 701550000000000.0,
          "adj_roic": 0.3736,
          "spread": 0.1753,
          "rev_per_employee": null,
          "capex_intensity": 0.0351,
          "fcf_conversion": 0.8552,
          "buyback_flag": true,
          "market_cap": null,
          "headcount": null
        },
        "Q1 2020": {
          "revenue": 4618000000000000.0,
          "operating_income": 398000000000000.0,
          "nopat": 119400000000000.0,
          "invested_capital": 1.608e+16,
          "reported_roic": 0.0297,
          "goodwill": 9124000000000000.0,
          "intangibles": 1369000000000000.0,
          "leases": 0,
          "adj_invested_capital": 5587000000000000.0,
          "restruct_avg": 7250000000000.0,
          "adj_nopat": 117225000000000.0,
          "adj_roic": 0.0839,
          "spread": 0.0542,
          "rev_per_employee": null,
          "capex_intensity": 0.0446,
          "fcf_conversion": 11.0727,
          "buyback_flag": true,
          "market_cap": null,
          "headcount": null
        },
        "Q2 2020": {
          "revenue": null,
          "operating_income": 951000000000000.0,
          "nopat": 855900000000000.0,
          "invested_capital": 2.0221e+16,
          "reported_roic": 0.1693,
          "goodwill": 9118000000000000.0,
          "intangibles": 1254000000000000.0,
          "leases": 0,
          "adj_invested_capital": 9849000000000000.0,
          "restruct_avg": 13750000000000.0,
          "adj_nopat": 843525000000000.0,
          "adj_roic": 0.3426,
          "spread": 0.1733,
          "rev_per_employee": null,
          "capex_intensity": null,
          "fcf_conversion": 1.7735,
          "buyback_flag": false,
          "market_cap": null,
          "headcount": null
        },
        "Q3 2020": {
          "revenue": null,
          "operating_income": 977000000000000.0,
          "nopat": 879300000000000.0,
          "invested_capital": 2.1308e+16,
          "reported_roic": 0.1651,
          "goodwill": 9119000000000000.0,
          "intangibles": 1146000000000000.0,
          "leases": 0,
          "adj_invested_capital": 1.1043e+16,
          "restruct_avg": 18500000000000.0,
          "adj_nopat": 862650000000000.0,
          "adj_roic": 0.3125,
          "spread": 0.1474,
          "rev_per_employee": null,
          "capex_intensity": null,
          "fcf_conversion": null,
          "buyback_flag": false,
          "market_cap": null,
          "headcount": null
        },
        "Q4 2020": {
          "revenue": null,
          "operating_income": 963000000000000.0,
          "nopat": 963000000000000.0,
          "invested_capital": 2.4164e+16,
          "reported_roic": 0.1594,
          "goodwill": 9135000000000000.0,
          "intangibles": 1048000000000000.0,
          "leases": 0,
          "adj_invested_capital": 1.3981e+16,
          "restruct_avg": 27250000000000.0,
          "adj_nopat": 935750000000000.0,
          "adj_roic": 0.2677,
          "spread": 0.1083,
          "rev_per_employee": null,
          "capex_intensity": null,
          "fcf_conversion": 1.588,
          "buyback_flag": false,
          "market_cap": null,
          "headcount": null
        },
        "Q1 2021": {
          "revenue": null,
          "operating_income": 1042000000000000.0,
          "nopat": 1354600000000000.0,
          "invested_capital": 2.2666e+16,
          "reported_roic": 0.2391,
          "goodwill": 9117000000000000.0,
          "intangibles": 938000000000000.0,
          "leases": 0,
          "adj_invested_capital": 1.2611e+16,
          "restruct_avg": 28000000000000.0,
          "adj_nopat": 1318200000000000.0,
          "adj_roic": 0.4181,
          "spread": 0.1791,
          "rev_per_employee": null,
          "capex_intensity": null,
          "fcf_conversion": 1.166,
          "buyback_flag": true,
          "market_cap": null,
          "headcount": null
        },
        "Q2 2021": {
          "revenue": null,
          "operating_income": 1127000000000000.0,
          "nopat": 1014300000000000.0,
          "invested_capital": 2.4105e+16,
          "reported_roic": 0.1683,
          "goodwill": 9564000000000000.0,
          "intangibles": 920000000000000.0,
          "leases": 0,
          "adj_invested_capital": 1.3621e+16,
          "restruct_avg": 21500000000000.0,
          "adj_nopat": 994950000000000.0,
          "adj_roic": 0.2922,
          "spread": 0.1239,
          "rev_per_employee": null,
          "capex_intensity": null,
          "fcf_conversion": 1.0644,
          "buyback_flag": false,
          "market_cap": null,
          "headcount": null
        },
        "Q3 2021": {
          "revenue": null,
          "operating_income": 1043000000000000.0,
          "nopat": 938700000000000.0,
          "invested_capital": 2.2257e+16,
          "reported_roic": 0.1687,
          "goodwill": 9550000000000000.0,
          "intangibles": 808000000000000.0,
          "leases": 0,
          "adj_invested_capital": 1.1899e+16,
          "restruct_avg": 16750000000000.0,
          "adj_nopat": 923625000000000.0,
          "adj_roic": 0.3105,
          "spread": 0.1418,
          "rev_per_employee": null,
          "capex_intensity": null,
          "fcf_conversion": null,
          "buyback_flag": false,
          "market_cap": null,
          "headcount": null
        },
        "Q4 2021": {
          "revenue": null,
          "operating_income": 1050000000000000.0,
          "nopat": 1050000000000000.0,
          "invested_capital": 2.4579e+16,
          "reported_roic": 0.1709,
          "goodwill": 1.1454e+16,
          "intangibles": 1332000000000000.0,
          "leases": 0,
          "adj_invested_capital": 1.1793e+16,
          "restruct_avg": 8000000000000.0,
          "adj_nopat": 1042000000000000.0,
          "adj_roic": 0.3534,
          "spread": 0.1826,
          "rev_per_employee": null,
          "capex_intensity": null,
          "fcf_conversion": 0.9664,
          "buyback_flag": true,
          "market_cap": null,
          "headcount": null
        },
        "Q1 2022": {
          "revenue": null,
          "operating_income": 711000000000000.0,
          "nopat": 568800000000000.0,
          "invested_capital": 2.3964e+16,
          "reported_roic": 0.0949,
          "goodwill": 1.137e+16,
          "intangibles": 1185000000000000.0,
          "leases": 0,
          "adj_invested_capital": 1.1409e+16,
          "restruct_avg": 5000000000000.0,
          "adj_nopat": 564800000000000.0,
          "adj_roic": 0.198,
          "spread": 0.1031,
          "rev_per_employee": null,
          "capex_intensity": null,
          "fcf_conversion": 1.8608,
          "buyback_flag": true,
          "market_cap": null,
          "headcount": null
        },
        "Q2 2022": {
          "revenue": null,
          "operating_income": 764000000000000.0,
          "nopat": -5348000000000000.0,
          "invested_capital": 2.5382e+16,
          "reported_roic": -0.8428,
          "goodwill": 1.1146e+16,
          "intangibles": 1001000000000000.0,
          "leases": 0,
          "adj_invested_capital": 1.3235e+16,
          "restruct_avg": 22750000000000.0,
          "adj_nopat": -5188750000000000.0,
          "adj_roic": -1.5682,
          "spread": -0.7254,
          "rev_per_employee": null,
          "capex_intensity": null,
          "fcf_conversion": -0.2024,
          "buyback_flag": true,
          "market_cap": null,
          "headcount": null
        },
        "Q3 2022": {
          "revenue": null,
          "operating_income": 1118000000000000.0,
          "nopat": 894400000000000.0,
          "invested_capital": 2.3846e+16,
          "reported_roic": 0.15,
          "goodwill": 1.1053e+16,
          "intangibles": 855000000000000.0,
          "leases": 0,
          "adj_invested_capital": 1.1938e+16,
          "restruct_avg": 28500000000000.0,
          "adj_nopat": 871600000000000.0,
          "adj_roic": 0.292,
          "spread": 0.142,
          "rev_per_employee": null,
          "capex_intensity": null,
          "fcf_conversion": null,
          "buyback_flag": false,
          "market_cap": null,
          "headcount": null
        },
        "Q4 2022": {
          "revenue": null,
          "operating_income": 1244000000000000.0,
          "nopat": 1368400000000000.0,
          "invested_capital": 2.2915e+16,
          "reported_roic": 0.2389,
          "goodwill": 1.1209e+16,
          "intangibles": 788000000000000.0,
          "leases": 0,
          "adj_invested_capital": 1.0918e+16,
          "restruct_avg": 30250000000000.0,
          "adj_nopat": 1335125000000000.0,
          "adj_roic": 0.4891,
          "spread": 0.2503,
          "rev_per_employee": null,
          "capex_intensity": null,
          "fcf_conversion": 1.0733,
          "buyback_flag": true,
          "market_cap": null,
          "headcount": null
        },
        "Q1 2023": {
          "revenue": null,
          "operating_income": 999000000000000.0,
          "nopat": 699300000000000.0,
          "invested_capital": 2.3238e+16,
          "reported_roic": 0.1204,
          "goodwill": 1.1195e+16,
          "intangibles": 730000000000000.0,
          "leases": 0,
          "adj_invested_capital": 1.1313e+16,
          "restruct_avg": 54500000000000.0,
          "adj_nopat": 661150000000000.0,
          "adj_roic": 0.2338,
          "spread": 0.1134,
          "rev_per_employee": null,
          "capex_intensity": null,
          "fcf_conversion": 1.5125,
          "buyback_flag": true,
          "market_cap": null,
          "headcount": null
        },
        "Q2 2023": {
          "revenue": null,
          "operating_income": 1133000000000000.0,
          "nopat": 906400000000000.0,
          "invested_capital": 2.4706e+16,
          "reported_roic": 0.1467,
          "goodwill": 1.1067e+16,
          "intangibles": 640000000000000.0,
          "leases": 0,
          "adj_invested_capital": 1.2999e+16,
          "restruct_avg": 36750000000000.0,
          "adj_nopat": 877000000000000.0,
          "adj_roic": 0.2699,
          "spread": 0.1231,
          "rev_per_employee": null,
          "capex_intensity": null,
          "fcf_conversion": -0.3991,
          "buyback_flag": true,
          "market_cap": null,
          "headcount": null
        },
        "Q3 2023": {
          "revenue": null,
          "operating_income": 1168000000000000.0,
          "nopat": 934400000000000.0,
          "invested_capital": 2.3564e+16,
          "reported_roic": 0.1586,
          "goodwill": 1.0935e+16,
          "intangibles": 564000000000000.0,
          "leases": 0,
          "adj_invested_capital": 1.2065e+16,
          "restruct_avg": 31750000000000.0,
          "adj_nopat": 909000000000000.0,
          "adj_roic": 0.3014,
          "spread": 0.1428,
          "rev_per_employee": null,
          "capex_intensity": null,
          "fcf_conversion": null,
          "buyback_flag": false,
          "market_cap": null,
          "headcount": null
        },
        "Q4 2023": {
          "revenue": null,
          "operating_income": 1728000000000000.0,
          "nopat": 1728000000000000.0,
          "invested_capital": 2.1646e+16,
          "reported_roic": 0.3193,
          "goodwill": 1.1026e+16,
          "intangibles": 537000000000000.0,
          "leases": 0,
          "adj_invested_capital": 1.0083e+16,
          "restruct_avg": 30500000000000.0,
          "adj_nopat": 1697500000000000.0,
          "adj_roic": 0.6734,
          "spread": 0.3541,
          "rev_per_employee": null,
          "capex_intensity": null,
          "fcf_conversion": 1.4545,
          "buyback_flag": true,
          "market_cap": null,
          "headcount": null
        },
        "Q1 2024": {
          "revenue": null,
          "operating_income": 1168000000000000.0,
          "nopat": 817600000000000.0,
          "invested_capital": 2.0692e+16,
          "reported_roic": 0.1581,
          "goodwill": 1.0916e+16,
          "intangibles": 465000000000000.0,
          "leases": 0,
          "adj_invested_capital": 9311000000000000.0,
          "restruct_avg": 45000000000000.0,
          "adj_nopat": 786100000000000.0,
          "adj_roic": 0.3377,
          "spread": 0.1797,
          "rev_per_employee": null,
          "capex_intensity": null,
          "fcf_conversion": 2.2427,
          "buyback_flag": true,
          "market_cap": null,
          "headcount": null
        },
        "Q2 2024": {
          "revenue": null,
          "operating_income": 1325000000000000.0,
          "nopat": 1060000000000000.0,
          "invested_capital": 2.2548e+16,
          "reported_roic": 0.188,
          "goodwill": 1.0816e+16,
          "intangibles": 403000000000000.0,
          "leases": 0,
          "adj_invested_capital": 1.1329e+16,
          "restruct_avg": 65750000000000.0,
          "adj_nopat": 1007400000000000.0,
          "adj_roic": 0.3557,
          "spread": 0.1676,
          "rev_per_employee": null,
          "capex_intensity": null,
          "fcf_conversion": 1.358,
          "buyback_flag": true,
          "market_cap": null,
          "headcount": null
        },
        "Q3 2024": {
          "revenue": null,
          "operating_income": 1391000000000000.0,
          "nopat": 1112800000000000.0,
          "invested_capital": 2.2778e+16,
          "reported_roic": 0.1954,
          "goodwill": 1.0996e+16,
          "intangibles": 393000000000000.0,
          "leases": 0,
          "adj_invested_capital": 1.1389e+16,
          "restruct_avg": 74000000000000.0,
          "adj_nopat": 1053600000000000.0,
          "adj_roic": 0.37,
          "spread": 0.1746,
          "rev_per_employee": null,
          "capex_intensity": null,
          "fcf_conversion": null,
          "buyback_flag": false,
          "market_cap": null,
          "headcount": null
        },
        "Q4 2024": {
          "revenue": null,
          "operating_income": 1441000000000000.0,
          "nopat": 1441000000000000.0,
          "invested_capital": 2.3634e+16,
          "reported_roic": 0.2439,
          "goodwill": 1.0837e+16,
          "intangibles": 326000000000000.0,
          "leases": 0,
          "adj_invested_capital": 1.2471e+16,
          "restruct_avg": 76750000000000.0,
          "adj_nopat": 1364250000000000.0,
          "adj_roic": 0.4376,
          "spread": 0.1937,
          "rev_per_employee": null,
          "capex_intensity": null,
          "fcf_conversion": 1.606,
          "buyback_flag": true,
          "market_cap": null,
          "headcount": null
        },
        "Q1 2025": {
          "revenue": null,
          "operating_income": 1530000000000000.0,
          "nopat": 1224000000000000.0,
          "invested_capital": 2.4222e+16,
          "reported_roic": 0.2021,
          "goodwill": 1.091e+16,
          "intangibles": 296000000000000.0,
          "leases": 0,
          "adj_invested_capital": 1.3016e+16,
          "restruct_avg": 42750000000000.0,
          "adj_nopat": 1189800000000000.0,
          "adj_roic": 0.3656,
          "spread": 0.1635,
          "rev_per_employee": null,
          "capex_intensity": null,
          "fcf_conversion": 0.8102,
          "buyback_flag": true,
          "market_cap": null,
          "headcount": null
        },
        "Q2 2025": {
          "revenue": null,
          "operating_income": 1504000000000000.0,
          "nopat": 1203200000000000.0,
          "invested_capital": 2.4809e+16,
          "reported_roic": 0.194,
          "goodwill": 1.0976e+16,
          "intangibles": 271000000000000.0,
          "leases": 0,
          "adj_invested_capital": 1.3562e+16,
          "restruct_avg": 22000000000000.0,
          "adj_nopat": 1185600000000000.0,
          "adj_roic": 0.3497,
          "spread": 0.1557,
          "rev_per_employee": null,
          "capex_intensity": null,
          "fcf_conversion": 0.5837,
          "buyback_flag": true,
          "market_cap": null,
          "headcount": null
        },
        "Q3 2025": {
          "revenue": null,
          "operating_income": 1520000000000000.0,
          "nopat": 1216000000000000.0,
          "invested_capital": 2.2479e+16,
          "reported_roic": 0.2164,
          "goodwill": 1.0941e+16,
          "intangibles": 226000000000000.0,
          "leases": 0,
          "adj_invested_capital": 1.1312e+16,
          "restruct_avg": 13000000000000.0,
          "adj_nopat": 1205600000000000.0,
          "adj_roic": 0.4263,
          "spread": 0.2099,
          "rev_per_employee": null,
          "capex_intensity": null,
          "fcf_conversion": null,
          "buyback_flag": false,
          "market_cap": null,
          "headcount": null
        },
        "Q4 2025": {
          "revenue": null,
          "operating_income": 1511000000000000.0,
          "nopat": 1511000000000000.0,
          "invested_capital": 2.2194e+16,
          "reported_roic": 0.2723,
          "goodwill": 1.0864e+16,
          "intangibles": 208000000000000.0,
          "leases": 0,
          "adj_invested_capital": 1.1122e+16,
          "restruct_avg": 9750000000000.0,
          "adj_nopat": 1501250000000000.0,
          "adj_roic": 0.5399,
          "spread": 0.2676,
          "rev_per_employee": null,
          "capex_intensity": null,
          "fcf_conversion": 1.4588,
          "buyback_flag": true,
          "market_cap": null,
          "headcount": null
        }
      }
    },
    "DUOL": {
      "info": {
        "name": "Duolingo",
        "sector": "EdTech",
        "tier": 1
      },
      "quarters": {}
    },
    "FVRR": {
      "info": {
        "name": "Fiverr",
        "sector": "Marketplace",
        "tier": 1
      },
      "quarters": {}
    },
    "JPM": {
      "info": {
        "name": "JPMorgan Chase",
        "sector": "Financials",
        "tier": 2
      },
      "quarters": {
        "Q1 2015": {
          "revenue": null,
          "operating_income": 8224000000000000.0,
          "nopat": 5756800000000000.0,
          "invested_capital": 2.91519e+17,
          "reported_roic": 0.079,
          "goodwill": 4.7453e+16,
          "intangibles": 0,
          "leases": 0,
          "adj_invested_capital": 2.44066e+17,
          "restruct_avg": 0.0,
          "adj_nopat": 5756800000000000.0,
          "adj_roic": 0.0943,
          "spread": 0.0154,
          "rev_per_employee": null,
          "capex_intensity": null,
          "fcf_conversion": null,
          "buyback_flag": false,
          "market_cap": null,
          "headcount": null
        },
        "Q2 2015": {
          "revenue": null,
          "operating_income": 8377000000000000.0,
          "nopat": 6701600000000000.0,
          "invested_capital": 2.83443e+17,
          "reported_roic": 0.0946,
          "goodwill": 4.7476e+16,
          "intangibles": 0,
          "leases": 0,
          "adj_invested_capital": 2.35967e+17,
          "restruct_avg": 0.0,
          "adj_nopat": 6701600000000000.0,
          "adj_roic": 0.1136,
          "spread": 0.019,
          "rev_per_employee": null,
          "capex_intensity": null,
          "fcf_conversion": null,
          "buyback_flag": false,
          "market_cap": null,
          "headcount": null
        },
        "Q3 2015": {
          "revenue": null,
          "operating_income": 6730000000000000.0,
          "nopat": 6730000000000000.0,
          "invested_capital": 2.65384e+17,
          "reported_roic": 0.1014,
          "goodwill": 4.7405e+16,
          "intangibles": 0,
          "leases": 0,
          "adj_invested_capital": 2.17979e+17,
          "restruct_avg": 0.0,
          "adj_nopat": 6730000000000000.0,
          "adj_roic": 0.1235,
          "spread": 0.0221,
          "rev_per_employee": null,
          "capex_intensity": null,
          "fcf_conversion": null,
          "buyback_flag": false,
          "market_cap": null,
          "headcount": null
        },
        "Q4 2015": {
          "revenue": null,
          "operating_income": 7371000000000000.0,
          "nopat": 5159700000000000.0,
          "invested_capital": -9.8548e+16,
          "reported_roic": -0.2094,
          "goodwill": 4.7325e+16,
          "intangibles": 0,
          "leases": 0,
          "adj_invested_capital": -1.45873e+17,
          "restruct_avg": 0.0,
          "adj_nopat": 5159700000000000.0,
          "adj_roic": -0.1415,
          "spread": 0.0679,
          "rev_per_employee": null,
          "capex_intensity": null,
          "fcf_conversion": null,
          "buyback_flag": false,
          "market_cap": null,
          "headcount": null
        },
        "Q1 2016": {
          "revenue": null,
          "operating_income": 7578000000000000.0,
          "nopat": 5304600000000000.0,
          "invested_capital": 2.67647e+17,
          "reported_roic": 0.0793,
          "goodwill": 4.731e+16,
          "intangibles": 0,
          "leases": 0,
          "adj_invested_capital": 2.20337e+17,
          "restruct_avg": 0.0,
          "adj_nopat": 5304600000000000.0,
          "adj_roic": 0.0963,
          "spread": 0.017,
          "rev_per_employee": null,
          "capex_intensity": null,
          "fcf_conversion": null,
          "buyback_flag": false,
          "market_cap": null,
          "headcount": null
        },
        "Q2 2016": {
          "revenue": null,
          "operating_income": 9340000000000000.0,
          "nopat": 6538000000000000.0,
          "invested_capital": 2.69702e+17,
          "reported_roic": 0.097,
          "goodwill": 4.7303e+16,
          "intangibles": 0,
          "leases": 0,
          "adj_invested_capital": 2.22399e+17,
          "restruct_avg": 0.0,
          "adj_nopat": 6538000000000000.0,
          "adj_roic": 0.1176,
          "spread": 0.0206,
          "rev_per_employee": null,
          "capex_intensity": null,
          "fcf_conversion": null,
          "buyback_flag": false,
          "market_cap": null,
          "headcount": null
        },
        "Q3 2016": {
          "revenue": null,
          "operating_income": 8939000000000000.0,
          "nopat": 6257300000000000.0,
          "invested_capital": 2.66589e+17,
          "reported_roic": 0.0939,
          "goodwill": 4.7302e+16,
          "intangibles": 0,
          "leases": 0,
          "adj_invested_capital": 2.19287e+17,
          "restruct_avg": 0.0,
          "adj_nopat": 6257300000000000.0,
          "adj_roic": 0.1141,
          "spread": 0.0203,
          "rev_per_employee": null,
          "capex_intensity": null,
          "fcf_conversion": null,
          "buyback_flag": false,
          "market_cap": null,
          "headcount": null
        },
        "Q4 2016": {
          "revenue": null,
          "operating_income": 8679000000000000.0,
          "nopat": 6943200000000000.0,
          "invested_capital": -9.0783e+16,
          "reported_roic": -0.3059,
          "goodwill": 4.7288e+16,
          "intangibles": 0,
          "leases": 0,
          "adj_invested_capital": -1.38071e+17,
          "restruct_avg": 0.0,
          "adj_nopat": 6943200000000000.0,
          "adj_roic": -0.2011,
          "spread": 0.1048,
          "rev_per_employee": null,
          "capex_intensity": null,
          "fcf_conversion": null,
          "buyback_flag": false,
          "market_cap": null,
          "headcount": null
        },
        "Q1 2017": {
          "revenue": null,
          "operating_income": 8341000000000000.0,
          "nopat": 6672800000000000.0,
          "invested_capital": -1.91115e+17,
          "reported_roic": -0.1397,
          "goodwill": 4.7292e+16,
          "intangibles": 0,
          "leases": 0,
          "adj_invested_capital": -2.38407e+17,
          "restruct_avg": 0.0,
          "adj_nopat": 6672800000000000.0,
          "adj_roic": -0.112,
          "spread": 0.0277,
          "rev_per_employee": null,
          "capex_intensity": null,
          "fcf_conversion": null,
          "buyback_flag": true,
          "market_cap": null,
          "headcount": null
        },
        "Q2 2017": {
          "revenue": null,
          "operating_income": 9749000000000000.0,
          "nopat": 6824300000000000.0,
          "invested_capital": -1.69836e+17,
          "reported_roic": -0.1607,
          "goodwill": 4.73e+16,
          "intangibles": 0,
          "leases": 0,
          "adj_invested_capital": -2.17136e+17,
          "restruct_avg": 0.0,
          "adj_nopat": 6824300000000000.0,
          "adj_roic": -0.1257,
          "spread": 0.035,
          "rev_per_employee": null,
          "capex_intensity": null,
          "fcf_conversion": null,
          "buyback_flag": true,
          "market_cap": null,
          "headcount": null
        },
        "Q3 2017": {
          "revenue": null,
          "operating_income": 9556000000000000.0,
          "nopat": 6689200000000000.0,
          "invested_capital": -1.76526e+17,
          "reported_roic": -0.1516,
          "goodwill": 4.7309e+16,
          "intangibles": 0,
          "leases": 0,
          "adj_invested_capital": -2.23835e+17,
          "restruct_avg": 0.0,
          "adj_nopat": 6689200000000000.0,
          "adj_roic": -0.1195,
          "spread": 0.032,
          "rev_per_employee": null,
          "capex_intensity": null,
          "fcf_conversion": null,
          "buyback_flag": false,
          "market_cap": null,
          "headcount": null
        },
        "Q4 2017": {
          "revenue": null,
          "operating_income": 8254000000000000.0,
          "nopat": 4127000000000000.0,
          "invested_capital": -1.23809e+17,
          "reported_roic": -0.1333,
          "goodwill": 4.7507e+16,
          "intangibles": 0,
          "leases": 0,
          "adj_invested_capital": -1.71316e+17,
          "restruct_avg": 0.0,
          "adj_nopat": 4127000000000000.0,
          "adj_roic": -0.0964,
          "spread": 0.037,
          "rev_per_employee": null,
          "capex_intensity": null,
          "fcf_conversion": null,
          "buyback_flag": true,
          "market_cap": null,
          "headcount": null
        },
        "Q1 2018": {
          "revenue": null,
          "operating_income": 1.0662e+16,
          "nopat": 8529600000000000.0,
          "invested_capital": -9.5944e+16,
          "reported_roic": -0.3556,
          "goodwill": 4.7499e+16,
          "intangibles": 0,
          "leases": 0,
          "adj_invested_capital": -1.43443e+17,
          "restruct_avg": 0.0,
          "adj_nopat": 8529600000000000.0,
          "adj_roic": -0.2379,
          "spread": 0.1178,
          "rev_per_employee": null,
          "capex_intensity": null,
          "fcf_conversion": null,
          "buyback_flag": true,
          "market_cap": null,
          "headcount": null
        },
        "Q2 2018": {
          "revenue": null,
          "operating_income": 1.0572e+16,
          "nopat": 8457600000000000.0,
          "invested_capital": -8.3804e+16,
          "reported_roic": -0.4037,
          "goodwill": 4.7488e+16,
          "intangibles": 0,
          "leases": 0,
          "adj_invested_capital": -1.31292e+17,
          "restruct_avg": 0.0,
          "adj_nopat": 8457600000000000.0,
          "adj_roic": -0.2577,
          "spread": 0.146,
          "rev_per_employee": null,
          "capex_intensity": null,
          "fcf_conversion": null,
          "buyback_flag": true,
          "market_cap": null,
          "headcount": null
        },
        "Q3 2018": {
          "revenue": null,
          "operating_income": 1.0689e+16,
          "nopat": 8551200000000000.0,
          "invested_capital": -9.5506e+16,
          "reported_roic": -0.3581,
          "goodwill": 4.7483e+16,
          "intangibles": 0,
          "leases": 0,
          "adj_invested_capital": -1.42989e+17,
          "restruct_avg": 0.0,
          "adj_nopat": 8551200000000000.0,
          "adj_roic": -0.2392,
          "spread": 0.1189,
          "rev_per_employee": null,
          "capex_intensity": null,
          "fcf_conversion": null,
          "buyback_flag": false,
          "market_cap": null,
          "headcount": null
        },
        "Q4 2018": {
          "revenue": null,
          "operating_income": 8841000000000000.0,
          "nopat": 7072800000000000.0,
          "invested_capital": 4.6998e+16,
          "reported_roic": 0.602,
          "goodwill": 4.7471e+16,
          "intangibles": 0,
          "leases": 0,
          "adj_invested_capital": -473000000000000.0,
          "restruct_avg": 0.0,
          "adj_nopat": 7072800000000000.0,
          "adj_roic": -59.8123,
          "spread": -60.4142,
          "rev_per_employee": null,
          "capex_intensity": null,
          "fcf_conversion": null,
          "buyback_flag": true,
          "market_cap": null,
          "headcount": null
        },
        "Q1 2019": {
          "revenue": null,
          "operating_income": 1.1233e+16,
          "nopat": 8986400000000000.0,
          "invested_capital": 3.31142e+17,
          "reported_roic": 0.1086,
          "goodwill": 4.7474e+16,
          "intangibles": 0,
          "leases": 0,
          "adj_invested_capital": 2.83668e+17,
          "restruct_avg": 0.0,
          "adj_nopat": 8986400000000000.0,
          "adj_roic": 0.1267,
          "spread": 0.0182,
          "rev_per_employee": null,
          "capex_intensity": null,
          "fcf_conversion": null,
          "buyback_flag": true,
          "market_cap": null,
          "headcount": null
        },
        "Q2 2019": {
          "revenue": null,
          "operating_income": 1.1342e+16,
          "nopat": 1.02078e+16,
          "invested_capital": 3.23105e+17,
          "reported_roic": 0.1264,
          "goodwill": 4.7477e+16,
          "intangibles": 0,
          "leases": 0,
          "adj_invested_capital": 2.75628e+17,
          "restruct_avg": 0.0,
          "adj_nopat": 1.02078e+16,
          "adj_roic": 0.1481,
          "spread": 0.0218,
          "rev_per_employee": null,
          "capex_intensity": null,
          "fcf_conversion": null,
          "buyback_flag": true,
          "market_cap": null,
          "headcount": null
        },
        "Q3 2019": {
          "revenue": null,
          "operating_income": 1.1405e+16,
          "nopat": 9124000000000000.0,
          "invested_capital": 3.13241e+17,
          "reported_roic": 0.1165,
          "goodwill": 4.7818e+16,
          "intangibles": 0,
          "leases": 0,
          "adj_invested_capital": 2.65423e+17,
          "restruct_avg": 0.0,
          "adj_nopat": 9124000000000000.0,
          "adj_roic": 0.1375,
          "spread": 0.021,
          "rev_per_employee": null,
          "capex_intensity": null,
          "fcf_conversion": null,
          "buyback_flag": false,
          "market_cap": null,
          "headcount": null
        },
        "Q4 2019": {
          "revenue": null,
          "operating_income": 1.0886e+16,
          "nopat": 8708800000000000.0,
          "invested_capital": 3.0225e+17,
          "reported_roic": 0.1153,
          "goodwill": 4.7823e+16,
          "intangibles": 0,
          "leases": 0,
          "adj_invested_capital": 2.54427e+17,
          "restruct_avg": 0.0,
          "adj_nopat": 8708800000000000.0,
          "adj_roic": 0.1369,
          "spread": 0.0217,
          "rev_per_employee": null,
          "capex_intensity": null,
          "fcf_conversion": null,
          "buyback_flag": true,
          "market_cap": null,
          "headcount": null
        },
        "Q1 2020": {
          "revenue": null,
          "operating_income": 3116000000000000.0,
          "nopat": 2804400000000000.0,
          "invested_capital": 3.13171e+17,
          "reported_roic": 0.0358,
          "goodwill": 4.78e+16,
          "intangibles": 0,
          "leases": 0,
          "adj_invested_capital": 2.65371e+17,
          "restruct_avg": 0.0,
          "adj_nopat": 2804400000000000.0,
          "adj_roic": 0.0423,
          "spread": 0.0065,
          "rev_per_employee": null,
          "capex_intensity": null,
          "fcf_conversion": null,
          "buyback_flag": true,
          "market_cap": null,
          "headcount": null
        },
        "Q2 2020": {
          "revenue": null,
          "operating_income": 5565000000000000.0,
          "nopat": 4452000000000000.0,
          "invested_capital": 3.1248e+17,
          "reported_roic": 0.057,
          "goodwill": 4.7811e+16,
          "intangibles": 0,
          "leases": 0,
          "adj_invested_capital": 2.64669e+17,
          "restruct_avg": 0.0,
          "adj_nopat": 4452000000000000.0,
          "adj_roic": 0.0673,
          "spread": 0.0103,
          "rev_per_employee": null,
          "capex_intensity": null,
          "fcf_conversion": null,
          "buyback_flag": false,
          "market_cap": null,
          "headcount": null
        },
        "Q3 2020": {
          "revenue": null,
          "operating_income": 1.1661e+16,
          "nopat": 9328800000000000.0,
          "invested_capital": 3.13105e+17,
          "reported_roic": 0.1192,
          "goodwill": 4.7819e+16,
          "intangibles": 0,
          "leases": 0,
          "adj_invested_capital": 2.65286e+17,
          "restruct_avg": 0.0,
          "adj_nopat": 9328800000000000.0,
          "adj_roic": 0.1407,
          "spread": 0.0215,
          "rev_per_employee": null,
          "capex_intensity": null,
          "fcf_conversion": null,
          "buyback_flag": false,
          "market_cap": null,
          "headcount": null
        },
        "Q4 2020": {
          "revenue": null,
          "operating_income": 1.5176e+16,
          "nopat": 1.21408e+16,
          "invested_capital": 3.24562e+17,
          "reported_roic": 0.1496,
          "goodwill": 4.9248e+16,
          "intangibles": 0,
          "leases": 0,
          "adj_invested_capital": 2.75314e+17,
          "restruct_avg": 0.0,
          "adj_nopat": 1.21408e+16,
          "adj_roic": 0.1764,
          "spread": 0.0268,
          "rev_per_employee": null,
          "capex_intensity": null,
          "fcf_conversion": null,
          "buyback_flag": false,
          "market_cap": null,
          "headcount": null
        },
        "Q1 2021": {
          "revenue": null,
          "operating_income": 1.7697e+16,
          "nopat": 1.41576e+16,
          "invested_capital": 3.35692e+17,
          "reported_roic": 0.1687,
          "goodwill": 4.9243e+16,
          "intangibles": 0,
          "leases": 0,
          "adj_invested_capital": 2.86449e+17,
          "restruct_avg": 0.0,
          "adj_nopat": 1.41576e+16,
          "adj_roic": 0.1977,
          "spread": 0.029,
          "rev_per_employee": null,
          "capex_intensity": null,
          "fcf_conversion": null,
          "buyback_flag": true,
          "market_cap": null,
          "headcount": null
        },
        "Q2 2021": {
          "revenue": null,
          "operating_income": 1.5097e+16,
          "nopat": 1.20776e+16,
          "invested_capital": 3.38324e+17,
          "reported_roic": 0.1428,
          "goodwill": 4.9256e+16,
          "intangibles": 0,
          "leases": 0,
          "adj_invested_capital": 2.89068e+17,
          "restruct_avg": 0.0,
          "adj_nopat": 1.20776e+16,
          "adj_roic": 0.1671,
          "spread": 0.0243,
          "rev_per_employee": null,
          "capex_intensity": null,
          "fcf_conversion": null,
          "buyback_flag": true,
          "market_cap": null,
          "headcount": null
        },
        "Q3 2021": {
          "revenue": null,
          "operating_income": 1.4111e+16,
          "nopat": 1.12888e+16,
          "invested_capital": 3.40434e+17,
          "reported_roic": 0.1326,
          "goodwill": 5.0313e+16,
          "intangibles": 0,
          "leases": 0,
          "adj_invested_capital": 2.90121e+17,
          "restruct_avg": 0.0,
          "adj_nopat": 1.12888e+16,
          "adj_roic": 0.1556,
          "spread": 0.023,
          "rev_per_employee": null,
          "capex_intensity": null,
          "fcf_conversion": null,
          "buyback_flag": false,
          "market_cap": null,
          "headcount": null
        },
        "Q4 2021": {
          "revenue": null,
          "operating_income": 1.2657e+16,
          "nopat": 1.01256e+16,
          "invested_capital": 3.47721e+17,
          "reported_roic": 0.1165,
          "goodwill": 5.0315e+16,
          "intangibles": 0,
          "leases": 0,
          "adj_invested_capital": 2.97406e+17,
          "restruct_avg": 0.0,
          "adj_nopat": 1.01256e+16,
          "adj_roic": 0.1362,
          "spread": 0.0197,
          "rev_per_employee": null,
          "capex_intensity": null,
          "fcf_conversion": null,
          "buyback_flag": false,
          "market_cap": null,
          "headcount": null
        },
        "Q1 2022": {
          "revenue": null,
          "operating_income": 1.0063e+16,
          "nopat": 8050400000000000.0,
          "invested_capital": 3.43485e+17,
          "reported_roic": 0.0937,
          "goodwill": 5.0298e+16,
          "intangibles": 0,
          "leases": 0,
          "adj_invested_capital": 2.93187e+17,
          "restruct_avg": 0.0,
          "adj_nopat": 8050400000000000.0,
          "adj_roic": 0.1098,
          "spread": 0.0161,
          "rev_per_employee": null,
          "capex_intensity": null,
          "fcf_conversion": null,
          "buyback_flag": true,
          "market_cap": null,
          "headcount": null
        },
        "Q2 2022": {
          "revenue": null,
          "operating_income": 1.0865e+16,
          "nopat": 8692000000000000.0,
          "invested_capital": 3.44565e+17,
          "reported_roic": 0.1009,
          "goodwill": 5.0697e+16,
          "intangibles": 0,
          "leases": 0,
          "adj_invested_capital": 2.93868e+17,
          "restruct_avg": 0.0,
          "adj_nopat": 8692000000000000.0,
          "adj_roic": 0.1183,
          "spread": 0.0174,
          "rev_per_employee": null,
          "capex_intensity": null,
          "fcf_conversion": null,
          "buyback_flag": false,
          "market_cap": null,
          "headcount": null
        },
        "Q3 2022": {
          "revenue": null,
          "operating_income": 1.2001e+16,
          "nopat": 9600800000000000.0,
          "invested_capital": 3.35884e+17,
          "reported_roic": 0.1143,
          "goodwill": 5.1461e+16,
          "intangibles": 0,
          "leases": 0,
          "adj_invested_capital": 2.84423e+17,
          "restruct_avg": 0.0,
          "adj_nopat": 9600800000000000.0,
          "adj_roic": 0.135,
          "spread": 0.0207,
          "rev_per_employee": null,
          "capex_intensity": null,
          "fcf_conversion": null,
          "buyback_flag": false,
          "market_cap": null,
          "headcount": null
        },
        "Q4 2022": {
          "revenue": null,
          "operating_income": 1.3237e+16,
          "nopat": 1.05896e+16,
          "invested_capital": 3.36359e+17,
          "reported_roic": 0.1259,
          "goodwill": 5.1662e+16,
          "intangibles": 707000000000000.0,
          "leases": 0,
          "adj_invested_capital": 2.8399e+17,
          "restruct_avg": 0.0,
          "adj_nopat": 1.05896e+16,
          "adj_roic": 0.1492,
          "spread": 0.0232,
          "rev_per_employee": null,
          "capex_intensity": null,
          "fcf_conversion": null,
          "buyback_flag": false,
          "market_cap": null,
          "headcount": null
        },
        "Q1 2023": {
          "revenue": null,
          "operating_income": 1.5967e+16,
          "nopat": 1.27736e+16,
          "invested_capital": 3.45323e+17,
          "reported_roic": 0.148,
          "goodwill": 5.2144e+16,
          "intangibles": 0,
          "leases": 0,
          "adj_invested_capital": 2.93179e+17,
          "restruct_avg": 0.0,
          "adj_nopat": 1.27736e+16,
          "adj_roic": 0.1743,
          "spread": 0.0263,
          "rev_per_employee": null,
          "capex_intensity": null,
          "fcf_conversion": null,
          "buyback_flag": false,
          "market_cap": null,
          "headcount": null
        },
        "Q2 2023": {
          "revenue": null,
          "operating_income": 1.7586e+16,
          "nopat": 1.40688e+16,
          "invested_capital": 3.53538e+17,
          "reported_roic": 0.1592,
          "goodwill": 5.238e+16,
          "intangibles": 0,
          "leases": 0,
          "adj_invested_capital": 3.01158e+17,
          "restruct_avg": 0.0,
          "adj_nopat": 1.40688e+16,
          "adj_roic": 0.1869,
          "spread": 0.0277,
          "rev_per_employee": null,
          "capex_intensity": null,
          "fcf_conversion": null,
          "buyback_flag": false,
          "market_cap": null,
          "headcount": null
        },
        "Q3 2023": {
          "revenue": null,
          "operating_income": 1.6733e+16,
          "nopat": 1.33864e+16,
          "invested_capital": 3.62841e+17,
          "reported_roic": 0.1476,
          "goodwill": 5.2492e+16,
          "intangibles": 0,
          "leases": 0,
          "adj_invested_capital": 3.10349e+17,
          "restruct_avg": 0.0,
          "adj_nopat": 1.33864e+16,
          "adj_roic": 0.1725,
          "spread": 0.025,
          "rev_per_employee": null,
          "capex_intensity": null,
          "fcf_conversion": null,
          "buyback_flag": false,
          "market_cap": null,
          "headcount": null
        },
        "Q4 2023": {
          "revenue": null,
          "operating_income": 1.1326e+16,
          "nopat": 9060800000000000.0,
          "invested_capital": 3.7259e+17,
          "reported_roic": 0.0973,
          "goodwill": 5.2634e+16,
          "intangibles": 2000000000000000.0,
          "leases": 0,
          "adj_invested_capital": 3.17956e+17,
          "restruct_avg": 0.0,
          "adj_nopat": 9060800000000000.0,
          "adj_roic": 0.114,
          "spread": 0.0167,
          "rev_per_employee": null,
          "capex_intensity": null,
          "fcf_conversion": null,
          "buyback_flag": false,
          "market_cap": null,
          "headcount": null
        },
        "Q1 2024": {
          "revenue": null,
          "operating_income": 1.7293e+16,
          "nopat": 1.38344e+16,
          "invested_capital": 3.82905e+17,
          "reported_roic": 0.1445,
          "goodwill": 5.2636e+16,
          "intangibles": 1900000000000000.0,
          "leases": 0,
          "adj_invested_capital": 3.28369e+17,
          "restruct_avg": 0.0,
          "adj_nopat": 1.38344e+16,
          "adj_roic": 0.1685,
          "spread": 0.024,
          "rev_per_employee": null,
          "capex_intensity": null,
          "fcf_conversion": null,
          "buyback_flag": false,
          "market_cap": null,
          "headcount": null
        },
        "Q2 2024": {
          "revenue": null,
          "operating_income": 2.3435e+16,
          "nopat": 1.8748e+16,
          "invested_capital": 3.8786e+17,
          "reported_roic": 0.1933,
          "goodwill": 5.262e+16,
          "intangibles": 1900000000000000.0,
          "leases": 0,
          "adj_invested_capital": 3.3334e+17,
          "restruct_avg": 0.0,
          "adj_nopat": 1.8748e+16,
          "adj_roic": 0.225,
          "spread": 0.0316,
          "rev_per_employee": null,
          "capex_intensity": null,
          "fcf_conversion": null,
          "buyback_flag": false,
          "market_cap": null,
          "headcount": null
        },
        "Q3 2024": {
          "revenue": null,
          "operating_income": 1.6978e+16,
          "nopat": 1.35824e+16,
          "invested_capital": 3.96474e+17,
          "reported_roic": 0.137,
          "goodwill": 5.2711e+16,
          "intangibles": 1800000000000000.0,
          "leases": 0,
          "adj_invested_capital": 3.41963e+17,
          "restruct_avg": 0.0,
          "adj_nopat": 1.35824e+16,
          "adj_roic": 0.1589,
          "spread": 0.0218,
          "rev_per_employee": null,
          "capex_intensity": null,
          "fcf_conversion": null,
          "buyback_flag": false,
          "market_cap": null,
          "headcount": null
        },
        "Q4 2024": {
          "revenue": null,
          "operating_income": 1.7375e+16,
          "nopat": 1.39e+16,
          "invested_capital": 3.97651e+17,
          "reported_roic": 0.1398,
          "goodwill": 5.2565e+16,
          "intangibles": 1700000000000000.0,
          "leases": 0,
          "adj_invested_capital": 3.43386e+17,
          "restruct_avg": 0.0,
          "adj_nopat": 1.39e+16,
          "adj_roic": 0.1619,
          "spread": 0.0221,
          "rev_per_employee": null,
          "capex_intensity": null,
          "fcf_conversion": null,
          "buyback_flag": true,
          "market_cap": null,
          "headcount": null
        },
        "Q1 2025": {
          "revenue": null,
          "operating_income": 1.8408e+16,
          "nopat": 1.47264e+16,
          "invested_capital": 4.164e+17,
          "reported_roic": 0.1415,
          "goodwill": 5.2621e+16,
          "intangibles": 1600000000000000.0,
          "leases": 0,
          "adj_invested_capital": 3.62179e+17,
          "restruct_avg": 0.0,
          "adj_nopat": 1.47264e+16,
          "adj_roic": 0.1626,
          "spread": 0.0212,
          "rev_per_employee": null,
          "capex_intensity": null,
          "fcf_conversion": null,
          "buyback_flag": true,
          "market_cap": null,
          "headcount": null
        },
        "Q2 2025": {
          "revenue": null,
          "operating_income": 1.8284e+16,
          "nopat": 1.46272e+16,
          "invested_capital": 4.22217e+17,
          "reported_roic": 0.1386,
          "goodwill": 5.2747e+16,
          "intangibles": 1500000000000000.0,
          "leases": 0,
          "adj_invested_capital": 3.6797e+17,
          "restruct_avg": 0.0,
          "adj_nopat": 1.46272e+16,
          "adj_roic": 0.159,
          "spread": 0.0204,
          "rev_per_employee": null,
          "capex_intensity": null,
          "fcf_conversion": null,
          "buyback_flag": true,
          "market_cap": null,
          "headcount": null
        },
        "Q3 2025": {
          "revenue": null,
          "operating_income": 1.8743e+16,
          "nopat": 1.49944e+16,
          "invested_capital": 4.29567e+17,
          "reported_roic": 0.1396,
          "goodwill": 5.2717e+16,
          "intangibles": 1400000000000000.0,
          "leases": 0,
          "adj_invested_capital": 3.7545e+17,
          "restruct_avg": 0.0,
          "adj_nopat": 1.49944e+16,
          "adj_roic": 0.1597,
          "spread": 0.0201,
          "rev_per_employee": null,
          "capex_intensity": null,
          "fcf_conversion": null,
          "buyback_flag": false,
          "market_cap": null,
          "headcount": null
        },
        "Q4 2025": {
          "revenue": null,
          "operating_income": 1.716e+16,
          "nopat": 1.3728e+16,
          "invested_capital": 4.27214e+17,
          "reported_roic": 0.1285,
          "goodwill": 5.2731e+16,
          "intangibles": 1300000000000000.0,
          "leases": 0,
          "adj_invested_capital": 3.73183e+17,
          "restruct_avg": 0.0,
          "adj_nopat": 1.3728e+16,
          "adj_roic": 0.1471,
          "spread": 0.0186,
          "rev_per_employee": null,
          "capex_intensity": null,
          "fcf_conversion": null,
          "buyback_flag": true,
          "market_cap": null,
          "headcount": null
        }
      }
    },
    "UNH": {
      "info": {
        "name": "UnitedHealth",
        "sector": "Healthcare",
        "tier": 2
      },
      "quarters": {}
    },
    "WMT": {
      "info": {
        "name": "Walmart",
        "sector": "Retail",
        "tier": 2
      },
      "quarters": {
        "Q4 2020": {
          "revenue": 1.33752e+17,
          "operating_income": 5778000000000000.0,
          "nopat": 4044599999999999.5,
          "invested_capital": 1.16911e+17,
          "reported_roic": 0.1384,
          "goodwill": 3.0236e+16,
          "intangibles": 0,
          "leases": 0,
          "adj_invested_capital": 8.6675e+16,
          "restruct_avg": 0.0,
          "adj_nopat": 4044599999999999.5,
          "adj_roic": 0.1867,
          "spread": 0.0483,
          "rev_per_employee": null,
          "capex_intensity": 0.0319,
          "fcf_conversion": -0.4678,
          "buyback_flag": true,
          "market_cap": null,
          "headcount": null
        },
        "Q2 2021": {
          "revenue": 1.37159e+17,
          "operating_income": 6909000000000000.0,
          "nopat": 4836300000000000.0,
          "invested_capital": 5.9351e+16,
          "reported_roic": 0.3259,
          "goodwill": 2.8872e+16,
          "intangibles": 0,
          "leases": 0,
          "adj_invested_capital": 3.0479e+16,
          "restruct_avg": 0.0,
          "adj_nopat": 4836300000000000.0,
          "adj_roic": 0.6347,
          "spread": 0.3088,
          "rev_per_employee": null,
          "capex_intensity": 0.0161,
          "fcf_conversion": 0.1332,
          "buyback_flag": true,
          "market_cap": null,
          "headcount": null
        },
        "Q3 2021": {
          "revenue": 1.39871e+17,
          "operating_income": 7354000000000000.0,
          "nopat": 5147800000000000.0,
          "invested_capital": 5.9986e+16,
          "reported_roic": 0.3433,
          "goodwill": 2.9159e+16,
          "intangibles": 0,
          "leases": 0,
          "adj_invested_capital": 3.0827e+16,
          "restruct_avg": 0.0,
          "adj_nopat": 5147800000000000.0,
          "adj_roic": 0.668,
          "spread": 0.3247,
          "rev_per_employee": null,
          "capex_intensity": null,
          "fcf_conversion": null,
          "buyback_flag": false,
          "market_cap": null,
          "headcount": null
        },
        "Q4 2021": {
          "revenue": 1.39207e+17,
          "operating_income": 5792000000000000.0,
          "nopat": 4633600000000000.0,
          "invested_capital": 6.8185e+16,
          "reported_roic": 0.2718,
          "goodwill": 2.8923e+16,
          "intangibles": 0,
          "leases": 0,
          "adj_invested_capital": 3.9262e+16,
          "restruct_avg": 0.0,
          "adj_nopat": 4633600000000000.0,
          "adj_roic": 0.4721,
          "spread": 0.2002,
          "rev_per_employee": null,
          "capex_intensity": 0.012,
          "fcf_conversion": 3.9078,
          "buyback_flag": false,
          "market_cap": null,
          "headcount": null
        },
        "Q2 2022": {
          "revenue": 1.40288e+17,
          "operating_income": 5318000000000000.0,
          "nopat": 3722600000000000.0,
          "invested_capital": 8.0091e+16,
          "reported_roic": 0.1859,
          "goodwill": 2.9438e+16,
          "intangibles": 0,
          "leases": 0,
          "adj_invested_capital": 5.0653e+16,
          "restruct_avg": 0.0,
          "adj_nopat": 3722600000000000.0,
          "adj_roic": 0.294,
          "spread": 0.1081,
          "rev_per_employee": null,
          "capex_intensity": 0.0252,
          "fcf_conversion": -1.9602,
          "buyback_flag": true,
          "market_cap": null,
          "headcount": null
        },
        "Q3 2022": {
          "revenue": 1.51381e+17,
          "operating_income": 6854000000000000.0,
          "nopat": 5483200000000000.0,
          "invested_capital": 7.9596e+16,
          "reported_roic": 0.2756,
          "goodwill": 2.8664e+16,
          "intangibles": 0,
          "leases": 0,
          "adj_invested_capital": 5.0932e+16,
          "restruct_avg": 0.0,
          "adj_nopat": 5483200000000000.0,
          "adj_roic": 0.4306,
          "spread": 0.1551,
          "rev_per_employee": null,
          "capex_intensity": null,
          "fcf_conversion": null,
          "buyback_flag": false,
          "market_cap": null,
          "headcount": null
        },
        "Q4 2022": {
          "revenue": 1.51469e+17,
          "operating_income": 2695000000000000.0,
          "nopat": 2156000000000000.0,
          "invested_capital": 7.2935e+16,
          "reported_roic": 0.1182,
          "goodwill": 2.8137e+16,
          "intangibles": 0,
          "leases": 0,
          "adj_invested_capital": 4.4798e+16,
          "restruct_avg": 0.0,
          "adj_nopat": 2156000000000000.0,
          "adj_roic": 0.1925,
          "spread": 0.0743,
          "rev_per_employee": null,
          "capex_intensity": 0.0069,
          "fcf_conversion": 3.4499,
          "buyback_flag": true,
          "market_cap": null,
          "headcount": null
        },
        "Q2 2023": {
          "revenue": 1.51004e+17,
          "operating_income": 6240000000000000.0,
          "nopat": 4367999999999999.5,
          "invested_capital": 6.7516e+16,
          "reported_roic": 0.2588,
          "goodwill": 2.8306e+16,
          "intangibles": 0,
          "leases": 0,
          "adj_invested_capital": 3.921e+16,
          "restruct_avg": 0.0,
          "adj_nopat": 4367999999999999.5,
          "adj_roic": 0.4456,
          "spread": 0.1868,
          "rev_per_employee": null,
          "capex_intensity": 0.0293,
          "fcf_conversion": 0.0467,
          "buyback_flag": false,
          "market_cap": null,
          "headcount": null
        },
        "Q3 2023": {
          "revenue": 1.6028e+17,
          "operating_income": 7316000000000000.0,
          "nopat": 5852800000000000.0,
          "invested_capital": 7.3111e+16,
          "reported_roic": 0.3202,
          "goodwill": 2.8268e+16,
          "intangibles": 0,
          "leases": 0,
          "adj_invested_capital": 4.4843e+16,
          "restruct_avg": 0.0,
          "adj_nopat": 5852800000000000.0,
          "adj_roic": 0.5221,
          "spread": 0.2019,
          "rev_per_employee": null,
          "capex_intensity": null,
          "fcf_conversion": null,
          "buyback_flag": false,
          "market_cap": null,
          "headcount": null
        },
        "Q4 2023": {
          "revenue": 1.59439e+17,
          "operating_income": 6202000000000000.0,
          "nopat": 4341399999999999.5,
          "invested_capital": 8.005e+16,
          "reported_roic": 0.2169,
          "goodwill": 2.8015e+16,
          "intangibles": 0,
          "leases": 0,
          "adj_invested_capital": 5.2035e+16,
          "restruct_avg": 0.0,
          "adj_nopat": 4341399999999999.5,
          "adj_roic": 0.3337,
          "spread": 0.1168,
          "rev_per_employee": null,
          "capex_intensity": 0.0137,
          "fcf_conversion": 1.7607,
          "buyback_flag": true,
          "market_cap": null,
          "headcount": null
        },
        "Q2 2024": {
          "revenue": 1.59938e+17,
          "operating_income": 6841000000000000.0,
          "nopat": 5472800000000000.0,
          "invested_capital": 7.921e+16,
          "reported_roic": 0.2764,
          "goodwill": 2.7999e+16,
          "intangibles": 0,
          "leases": 0,
          "adj_invested_capital": 5.1211e+16,
          "restruct_avg": 0.0,
          "adj_nopat": 5472800000000000.0,
          "adj_roic": 0.4275,
          "spread": 0.1511,
          "rev_per_employee": null,
          "capex_intensity": 0.0292,
          "fcf_conversion": -0.078,
          "buyback_flag": false,
          "market_cap": null,
          "headcount": null
        },
        "Q3 2024": {
          "revenue": 1.67767e+17,
          "operating_income": 7940000000000000.0,
          "nopat": 6352000000000000.0,
          "invested_capital": 8.0302e+16,
          "reported_roic": 0.3164,
          "goodwill": 2.793e+16,
          "intangibles": 0,
          "leases": 0,
          "adj_invested_capital": 5.2372e+16,
          "restruct_avg": 0.0,
          "adj_nopat": 6352000000000000.0,
          "adj_roic": 0.4851,
          "spread": 0.1687,
          "rev_per_employee": null,
          "capex_intensity": null,
          "fcf_conversion": null,
          "buyback_flag": false,
          "market_cap": null,
          "headcount": null
        },
        "Q4 2024": {
          "revenue": 1.68003e+17,
          "operating_income": 6708000000000000.0,
          "nopat": 5366400000000000.0,
          "invested_capital": 8.4884e+16,
          "reported_roic": 0.2529,
          "goodwill": 2.7942e+16,
          "intangibles": 0,
          "leases": 0,
          "adj_invested_capital": 5.6942e+16,
          "restruct_avg": 0.0,
          "adj_nopat": 5366400000000000.0,
          "adj_roic": 0.377,
          "spread": 0.1241,
          "rev_per_employee": null,
          "capex_intensity": 0.0233,
          "fcf_conversion": 1.6581,
          "buyback_flag": false,
          "market_cap": null,
          "headcount": null
        },
        "Q2 2025": {
          "revenue": 1.63981e+17,
          "operating_income": 7135000000000000.0,
          "nopat": 5708000000000000.0,
          "invested_capital": 8.4162e+16,
          "reported_roic": 0.2713,
          "goodwill": 2.8866e+16,
          "intangibles": 0,
          "leases": 0,
          "adj_invested_capital": 5.5296e+16,
          "restruct_avg": 0.0,
          "adj_nopat": 5708000000000000.0,
          "adj_roic": 0.4129,
          "spread": 0.1416,
          "rev_per_employee": null,
          "capex_intensity": 0.0304,
          "fcf_conversion": 0.0745,
          "buyback_flag": true,
          "market_cap": null,
          "headcount": null
        },
        "Q3 2025": {
          "revenue": 1.7575e+17,
          "operating_income": 7286000000000000.0,
          "nopat": 5828800000000000.0,
          "invested_capital": 8.8527e+16,
          "reported_roic": 0.2634,
          "goodwill": 2.906e+16,
          "intangibles": 0,
          "leases": 0,
          "adj_invested_capital": 5.9467e+16,
          "restruct_avg": 0.0,
          "adj_nopat": 5828800000000000.0,
          "adj_roic": 0.3921,
          "spread": 0.1287,
          "rev_per_employee": null,
          "capex_intensity": null,
          "fcf_conversion": null,
          "buyback_flag": false,
          "market_cap": null,
          "headcount": null
        },
        "Q4 2025": {
          "revenue": 1.77769e+17,
          "operating_income": 6696000000000000.0,
          "nopat": 4687200000000000.0,
          "invested_capital": 9.7436e+16,
          "reported_roic": 0.1924,
          "goodwill": 2.8722e+16,
          "intangibles": 0,
          "leases": 0,
          "adj_invested_capital": 6.8714e+16,
          "restruct_avg": 0.0,
          "adj_nopat": 4687200000000000.0,
          "adj_roic": 0.2729,
          "spread": 0.0804,
          "rev_per_employee": null,
          "capex_intensity": 0.029,
          "fcf_conversion": 0.8182,
          "buyback_flag": false,
          "market_cap": null,
          "headcount": null
        }
      }
    },
    "CAT": {
      "info": {
        "name": "Caterpillar",
        "sector": "Industrials",
        "tier": 2
      },
      "quarters": {
        "Q4 2015": {
          "revenue": 1.103e+16,
          "operating_income": -175000000000000.0,
          "nopat": -175000000000000.0,
          "invested_capital": 4.7021e+16,
          "reported_roic": -0.0149,
          "goodwill": 6615000000000000.0,
          "intangibles": 2821000000000000.0,
          "leases": 0,
          "adj_invested_capital": 3.7585e+16,
          "restruct_avg": 224000000000000.0,
          "adj_nopat": -399000000000000.0,
          "adj_roic": -0.0425,
          "spread": -0.0276,
          "rev_per_employee": null,
          "capex_intensity": null,
          "fcf_conversion": null,
          "buyback_flag": true,
          "market_cap": null,
          "headcount": null
        },
        "Q4 2016": {
          "revenue": 9574000000000000.0,
          "operating_income": -598000000000000.0,
          "nopat": 59800000000000.1,
          "invested_capital": 4.3349e+16,
          "reported_roic": 0.0055,
          "goodwill": 6020000000000000.0,
          "intangibles": 2349000000000000.0,
          "leases": 0,
          "adj_invested_capital": 3.498e+16,
          "restruct_avg": 254750000000000.0,
          "adj_nopat": 85275000000000.1,
          "adj_roic": 0.0098,
          "spread": 0.0042,
          "rev_per_employee": null,
          "capex_intensity": null,
          "fcf_conversion": null,
          "buyback_flag": false,
          "market_cap": null,
          "headcount": null
        },
        "Q4 2017": {
          "revenue": 1.2896e+16,
          "operating_income": 1387000000000000.0,
          "nopat": 693500000000000.0,
          "invested_capital": 4.245e+16,
          "reported_roic": 0.0653,
          "goodwill": 6200000000000000.0,
          "intangibles": 2111000000000000.0,
          "leases": 0,
          "adj_invested_capital": 3.4139e+16,
          "restruct_avg": 314000000000000.0,
          "adj_nopat": 536500000000000.0,
          "adj_roic": 0.0629,
          "spread": -0.0025,
          "rev_per_employee": null,
          "capex_intensity": null,
          "fcf_conversion": null,
          "buyback_flag": false,
          "market_cap": null,
          "headcount": null
        },
        "Q4 2018": {
          "revenue": 1.4342e+16,
          "operating_income": 1883000000000000.0,
          "nopat": 1883000000000000.0,
          "invested_capital": 4.4803e+16,
          "reported_roic": 0.1681,
          "goodwill": 6217000000000000.0,
          "intangibles": 1897000000000000.0,
          "leases": 0,
          "adj_invested_capital": 3.6689e+16,
          "restruct_avg": 96500000000000.0,
          "adj_nopat": 1786500000000000.0,
          "adj_roic": 0.1948,
          "spread": 0.0267,
          "rev_per_employee": null,
          "capex_intensity": null,
          "fcf_conversion": null,
          "buyback_flag": true,
          "market_cap": null,
          "headcount": null
        },
        "Q4 2019": {
          "revenue": 1.3144e+16,
          "operating_income": 1850000000000000.0,
          "nopat": 1850000000000000.0,
          "invested_capital": 4.6076e+16,
          "reported_roic": 0.1606,
          "goodwill": 6196000000000000.0,
          "intangibles": 1565000000000000.0,
          "leases": 0,
          "adj_invested_capital": 3.8315e+16,
          "restruct_avg": 59000000000000.0,
          "adj_nopat": 1791000000000000.0,
          "adj_roic": 0.187,
          "spread": 0.0264,
          "rev_per_employee": null,
          "capex_intensity": 0.0253,
          "fcf_conversion": 1.1731,
          "buyback_flag": true,
          "market_cap": null,
          "headcount": null
        },
        "Q4 2020": {
          "revenue": 1.1235e+16,
          "operating_income": 1380000000000000.0,
          "nopat": 1518000000000000.0,
          "invested_capital": 3.404e+16,
          "reported_roic": 0.1784,
          "goodwill": 6394000000000000.0,
          "intangibles": 1308000000000000.0,
          "leases": 0,
          "adj_invested_capital": 2.6338e+16,
          "restruct_avg": 88500000000000.0,
          "adj_nopat": 1420650000000000.0,
          "adj_roic": 0.2158,
          "spread": 0.0374,
          "rev_per_employee": null,
          "capex_intensity": 0.026,
          "fcf_conversion": 1.2529,
          "buyback_flag": false,
          "market_cap": null,
          "headcount": null
        },
        "Q4 2021": {
          "revenue": 1.3798e+16,
          "operating_income": 1611000000000000.0,
          "nopat": 1611000000000000.0,
          "invested_capital": 3.8699e+16,
          "reported_roic": 0.1665,
          "goodwill": 6324000000000000.0,
          "intangibles": 1042000000000000.0,
          "leases": 0,
          "adj_invested_capital": 3.1333e+16,
          "restruct_avg": 22500000000000.0,
          "adj_nopat": 1588500000000000.0,
          "adj_roic": 0.2028,
          "spread": 0.0363,
          "rev_per_employee": null,
          "capex_intensity": 0.0304,
          "fcf_conversion": 0.6245,
          "buyback_flag": true,
          "market_cap": null,
          "headcount": null
        },
        "Q4 2022": {
          "revenue": 1.6597e+16,
          "operating_income": 1680000000000000.0,
          "nopat": 1680000000000000.0,
          "invested_capital": 4.0558e+16,
          "reported_roic": 0.1657,
          "goodwill": 5288000000000000.0,
          "intangibles": 758000000000000.0,
          "leases": 0,
          "adj_invested_capital": 3.4512e+16,
          "restruct_avg": 74750000000000.0,
          "adj_nopat": 1605250000000000.0,
          "adj_roic": 0.1861,
          "spread": 0.0204,
          "rev_per_employee": null,
          "capex_intensity": 0.0258,
          "fcf_conversion": 1.4397,
          "buyback_flag": true,
          "market_cap": null,
          "headcount": null
        },
        "Q4 2023": {
          "revenue": 1.707e+16,
          "operating_income": 3134000000000000.0,
          "nopat": 3134000000000000.0,
          "invested_capital": 4.164e+16,
          "reported_roic": 0.3011,
          "goodwill": 5308000000000000.0,
          "intangibles": 564000000000000.0,
          "leases": 0,
          "adj_invested_capital": 3.5768e+16,
          "restruct_avg": 195000000000000.0,
          "adj_nopat": 2939000000000000.0,
          "adj_roic": 0.3287,
          "spread": 0.0276,
          "rev_per_employee": null,
          "capex_intensity": 0.0314,
          "fcf_conversion": 1.1797,
          "buyback_flag": true,
          "market_cap": null,
          "headcount": null
        },
        "Q4 2024": {
          "revenue": 1.6215e+16,
          "operating_income": 2924000000000000.0,
          "nopat": 2924000000000000.0,
          "invested_capital": 4.4349e+16,
          "reported_roic": 0.2637,
          "goodwill": 5241000000000000.0,
          "intangibles": 399000000000000.0,
          "leases": 0,
          "adj_invested_capital": 3.8709e+16,
          "restruct_avg": 89750000000000.0,
          "adj_nopat": 2834250000000000.0,
          "adj_roic": 0.2929,
          "spread": 0.0292,
          "rev_per_employee": null,
          "capex_intensity": 0.0434,
          "fcf_conversion": 0.9491,
          "buyback_flag": false,
          "market_cap": null,
          "headcount": null
        },
        "Q4 2025": {
          "revenue": 1.9133e+16,
          "operating_income": 2660000000000000.0,
          "nopat": 2660000000000000.0,
          "invested_capital": 4.7548e+16,
          "reported_roic": 0.2238,
          "goodwill": 5321000000000000.0,
          "intangibles": 241000000000000.0,
          "leases": 0,
          "adj_invested_capital": 4.1986e+16,
          "restruct_avg": 112000000000000.0,
          "adj_nopat": 2548000000000000.0,
          "adj_roic": 0.2427,
          "spread": 0.019,
          "rev_per_employee": null,
          "capex_intensity": 0.0469,
          "fcf_conversion": 1.0569,
          "buyback_flag": false,
          "market_cap": null,
          "headcount": null
        }
      }
    },
    "AAPL": {
      "info": {
        "name": "Apple",
        "sector": "Technology",
        "tier": 2
      },
      "quarters": {
        "Q1 2015": {
          "revenue": null,
          "operating_income": 1.8278e+16,
          "nopat": 1.27946e+16,
          "invested_capital": 1.58388e+17,
          "reported_roic": 0.3231,
          "goodwill": 4711000000000000.0,
          "intangibles": 4061000000000000.0,
          "leases": 0,
          "adj_invested_capital": 1.49616e+17,
          "restruct_avg": 0.0,
          "adj_nopat": 1.27946e+16,
          "adj_roic": 0.3421,
          "spread": 0.0189,
          "rev_per_employee": null,
          "capex_intensity": null,
          "fcf_conversion": null,
          "buyback_flag": false,
          "market_cap": null,
          "headcount": null
        },
        "Q2 2015": {
          "revenue": null,
          "operating_income": 1.4083e+16,
          "nopat": 9858100000000000.0,
          "invested_capital": 1.17357e+17,
          "reported_roic": 0.336,
          "goodwill": 5044000000000000.0,
          "intangibles": 3779000000000000.0,
          "leases": 0,
          "adj_invested_capital": 1.08534e+17,
          "restruct_avg": 0.0,
          "adj_nopat": 9858100000000000.0,
          "adj_roic": 0.3633,
          "spread": 0.0273,
          "rev_per_employee": null,
          "capex_intensity": null,
          "fcf_conversion": null,
          "buyback_flag": false,
          "market_cap": null,
          "headcount": null
        },
        "Q4 2015": {
          "revenue": null,
          "operating_income": 2.4171e+16,
          "nopat": 1.6919699999999998e+16,
          "invested_capital": 1.21337e+17,
          "reported_roic": 0.5578,
          "goodwill": 5202000000000000.0,
          "intangibles": 3924000000000000.0,
          "leases": 0,
          "adj_invested_capital": 1.12211e+17,
          "restruct_avg": 0.0,
          "adj_nopat": 1.6919699999999998e+16,
          "adj_roic": 0.6031,
          "spread": 0.0454,
          "rev_per_employee": null,
          "capex_intensity": null,
          "fcf_conversion": null,
          "buyback_flag": true,
          "market_cap": null,
          "headcount": null
        },
        "Q1 2016": {
          "revenue": null,
          "operating_income": 1.3987e+16,
          "nopat": 9790900000000000.0,
          "invested_capital": 1.19441e+17,
          "reported_roic": 0.3279,
          "goodwill": 5249000000000000.0,
          "intangibles": 3843000000000000.0,
          "leases": 0,
          "adj_invested_capital": 1.10349e+17,
          "restruct_avg": 0.0,
          "adj_nopat": 9790900000000000.0,
          "adj_roic": 0.3549,
          "spread": 0.027,
          "rev_per_employee": null,
          "capex_intensity": null,
          "fcf_conversion": null,
          "buyback_flag": false,
          "market_cap": null,
          "headcount": null
        },
        "Q2 2016": {
          "revenue": null,
          "operating_income": 1.0105e+16,
          "nopat": 7073500000000000.0,
          "invested_capital": 1.243e+17,
          "reported_roic": 0.2276,
          "goodwill": 5261000000000000.0,
          "intangibles": 3506000000000000.0,
          "leases": 0,
          "adj_invested_capital": 1.15533e+17,
          "restruct_avg": 0.0,
          "adj_nopat": 7073500000000000.0,
          "adj_roic": 0.2449,
          "spread": 0.0173,
          "rev_per_employee": null,
          "capex_intensity": null,
          "fcf_conversion": null,
          "buyback_flag": false,
          "market_cap": null,
          "headcount": null
        },
        "Q4 2016": {
          "revenue": null,
          "operating_income": 2.3359e+16,
          "nopat": 1.6351299999999998e+16,
          "invested_capital": 1.30011e+17,
          "reported_roic": 0.5031,
          "goodwill": 5423000000000000.0,
          "intangibles": 2848000000000000.0,
          "leases": 0,
          "adj_invested_capital": 1.2174e+17,
          "restruct_avg": 0.0,
          "adj_nopat": 1.6351299999999998e+16,
          "adj_roic": 0.5373,
          "spread": 0.0342,
          "rev_per_employee": null,
          "capex_intensity": null,
          "fcf_conversion": 1.4617,
          "buyback_flag": true,
          "market_cap": null,
          "headcount": null
        },
        "Q2 2017": {
          "revenue": null,
          "operating_income": 1.4097e+16,
          "nopat": 1.12776e+16,
          "invested_capital": 1.32916e+17,
          "reported_roic": 0.3394,
          "goodwill": 5473000000000000.0,
          "intangibles": 2617000000000000.0,
          "leases": 0,
          "adj_invested_capital": 1.24826e+17,
          "restruct_avg": 0.0,
          "adj_nopat": 1.12776e+16,
          "adj_roic": 0.3614,
          "spread": 0.022,
          "rev_per_employee": null,
          "capex_intensity": null,
          "fcf_conversion": null,
          "buyback_flag": false,
          "market_cap": null,
          "headcount": null
        },
        "Q3 2017": {
          "revenue": null,
          "operating_income": 1.0768e+16,
          "nopat": 8614400000000000.0,
          "invested_capital": 1.32329e+17,
          "reported_roic": 0.2604,
          "goodwill": 5661000000000000.0,
          "intangibles": 2444000000000000.0,
          "leases": 0,
          "adj_invested_capital": 1.24224e+17,
          "restruct_avg": 0.0,
          "adj_nopat": 8614400000000000.0,
          "adj_roic": 0.2774,
          "spread": 0.017,
          "rev_per_employee": null,
          "capex_intensity": null,
          "fcf_conversion": null,
          "buyback_flag": false,
          "market_cap": null,
          "headcount": null
        },
        "Q4 2017": {
          "revenue": 8.8293e+16,
          "operating_income": 2.6274e+16,
          "nopat": 1.83918e+16,
          "invested_capital": 1.31186e+17,
          "reported_roic": 0.5608,
          "goodwill": 5889000000000000.0,
          "intangibles": 2149000000000000.0,
          "leases": 0,
          "adj_invested_capital": 1.23148e+17,
          "restruct_avg": 0.0,
          "adj_nopat": 1.83918e+16,
          "adj_roic": 0.5974,
          "spread": 0.0366,
          "rev_per_employee": null,
          "capex_intensity": 0.0318,
          "fcf_conversion": 1.3856,
          "buyback_flag": true,
          "market_cap": null,
          "headcount": null
        },
        "Q1 2018": {
          "revenue": 6.1137e+16,
          "operating_income": 1.5894e+16,
          "nopat": 1.43046e+16,
          "invested_capital": 1.02297e+17,
          "reported_roic": 0.5593,
          "goodwill": 0,
          "intangibles": 0,
          "leases": 0,
          "adj_invested_capital": 1.02297e+17,
          "restruct_avg": 0.0,
          "adj_nopat": 1.43046e+16,
          "adj_roic": 0.5593,
          "spread": 0.0,
          "rev_per_employee": null,
          "capex_intensity": null,
          "fcf_conversion": null,
          "buyback_flag": false,
          "market_cap": null,
          "headcount": null
        },
        "Q2 2018": {
          "revenue": 5.3265e+16,
          "operating_income": 1.2612e+16,
          "nopat": 1.13508e+16,
          "invested_capital": 1.0045e+17,
          "reported_roic": 0.452,
          "goodwill": 0,
          "intangibles": 0,
          "leases": 0,
          "adj_invested_capital": 1.0045e+17,
          "restruct_avg": 0.0,
          "adj_nopat": 1.13508e+16,
          "adj_roic": 0.452,
          "spread": 0.0,
          "rev_per_employee": null,
          "capex_intensity": null,
          "fcf_conversion": null,
          "buyback_flag": false,
          "market_cap": null,
          "headcount": null
        },
        "Q4 2018": {
          "revenue": 8.431e+16,
          "operating_income": 2.3346e+16,
          "nopat": 1.86768e+16,
          "invested_capital": 9.4862e+16,
          "reported_roic": 0.7875,
          "goodwill": 0,
          "intangibles": 0,
          "leases": 0,
          "adj_invested_capital": 9.4862e+16,
          "restruct_avg": 0.0,
          "adj_nopat": 1.86768e+16,
          "adj_roic": 0.7875,
          "spread": 0.0,
          "rev_per_employee": null,
          "capex_intensity": 0.0398,
          "fcf_conversion": 1.2494,
          "buyback_flag": true,
          "market_cap": null,
          "headcount": null
        },
        "Q1 2019": {
          "revenue": 5.8015e+16,
          "operating_income": 1.3415e+16,
          "nopat": 1.0732e+16,
          "invested_capital": 9.0301e+16,
          "reported_roic": 0.4754,
          "goodwill": 0,
          "intangibles": 0,
          "leases": 0,
          "adj_invested_capital": 9.0301e+16,
          "restruct_avg": 0.0,
          "adj_nopat": 1.0732e+16,
          "adj_roic": 0.4754,
          "spread": 0.0,
          "rev_per_employee": null,
          "capex_intensity": null,
          "fcf_conversion": null,
          "buyback_flag": false,
          "market_cap": null,
          "headcount": null
        },
        "Q2 2019": {
          "revenue": 5.3809e+16,
          "operating_income": 1.1544e+16,
          "nopat": 9235200000000000.0,
          "invested_capital": 6.9408e+16,
          "reported_roic": 0.5322,
          "goodwill": 0,
          "intangibles": 0,
          "leases": 0,
          "adj_invested_capital": 6.9408e+16,
          "restruct_avg": 0.0,
          "adj_nopat": 9235200000000000.0,
          "adj_roic": 0.5322,
          "spread": 0.0,
          "rev_per_employee": null,
          "capex_intensity": null,
          "fcf_conversion": null,
          "buyback_flag": false,
          "market_cap": null,
          "headcount": null
        },
        "Q4 2019": {
          "revenue": 9.1819e+16,
          "operating_income": 2.5569e+16,
          "nopat": 2.30121e+16,
          "invested_capital": 6.4974e+16,
          "reported_roic": 1.4167,
          "goodwill": 0,
          "intangibles": 0,
          "leases": 0,
          "adj_invested_capital": 6.4974e+16,
          "restruct_avg": 0.0,
          "adj_nopat": 2.30121e+16,
          "adj_roic": 1.4167,
          "spread": 0.0,
          "rev_per_employee": null,
          "capex_intensity": 0.0229,
          "fcf_conversion": 1.2345,
          "buyback_flag": true,
          "market_cap": null,
          "headcount": null
        },
        "Q1 2020": {
          "revenue": 5.8313e+16,
          "operating_income": 1.2853e+16,
          "nopat": 1.15677e+16,
          "invested_capital": 4.8643e+16,
          "reported_roic": 0.9512,
          "goodwill": 0,
          "intangibles": 0,
          "leases": 0,
          "adj_invested_capital": 4.8643e+16,
          "restruct_avg": 0.0,
          "adj_nopat": 1.15677e+16,
          "adj_roic": 0.9512,
          "spread": 0.0,
          "rev_per_employee": null,
          "capex_intensity": null,
          "fcf_conversion": null,
          "buyback_flag": false,
          "market_cap": null,
          "headcount": null
        },
        "Q2 2020": {
          "revenue": 5.9685e+16,
          "operating_income": 1.3091e+16,
          "nopat": 1.17819e+16,
          "invested_capital": 4.6408e+16,
          "reported_roic": 1.0155,
          "goodwill": 0,
          "intangibles": 0,
          "leases": 0,
          "adj_invested_capital": 4.6408e+16,
          "restruct_avg": 0.0,
          "adj_nopat": 1.17819e+16,
          "adj_roic": 1.0155,
          "spread": 0.0,
          "rev_per_employee": null,
          "capex_intensity": null,
          "fcf_conversion": null,
          "buyback_flag": false,
          "market_cap": null,
          "headcount": null
        },
        "Q4 2020": {
          "revenue": 1.11439e+17,
          "operating_income": 3.3534e+16,
          "nopat": 3.01806e+16,
          "invested_capital": 4.2976e+16,
          "reported_roic": 2.8091,
          "goodwill": 0,
          "intangibles": 0,
          "leases": 0,
          "adj_invested_capital": 4.2976e+16,
          "restruct_avg": 0.0,
          "adj_nopat": 3.01806e+16,
          "adj_roic": 2.8091,
          "spread": 0.0,
          "rev_per_employee": null,
          "capex_intensity": 0.0314,
          "fcf_conversion": 1.1684,
          "buyback_flag": true,
          "market_cap": null,
          "headcount": null
        },
        "Q1 2021": {
          "revenue": 8.9584e+16,
          "operating_income": 2.7503e+16,
          "nopat": 2.20024e+16,
          "invested_capital": 4.3715e+16,
          "reported_roic": 2.0133,
          "goodwill": 0,
          "intangibles": 0,
          "leases": 0,
          "adj_invested_capital": 4.3715e+16,
          "restruct_avg": 0.0,
          "adj_nopat": 2.20024e+16,
          "adj_roic": 2.0133,
          "spread": 0.0,
          "rev_per_employee": null,
          "capex_intensity": null,
          "fcf_conversion": null,
          "buyback_flag": false,
          "market_cap": null,
          "headcount": null
        },
        "Q2 2021": {
          "revenue": 8.1434e+16,
          "operating_income": 2.4126e+16,
          "nopat": 2.17134e+16,
          "invested_capital": 4.6269e+16,
          "reported_roic": 1.8771,
          "goodwill": 0,
          "intangibles": 0,
          "leases": 0,
          "adj_invested_capital": 4.6269e+16,
          "restruct_avg": 0.0,
          "adj_nopat": 2.17134e+16,
          "adj_roic": 1.8771,
          "spread": 0.0,
          "rev_per_employee": null,
          "capex_intensity": null,
          "fcf_conversion": null,
          "buyback_flag": false,
          "market_cap": null,
          "headcount": null
        },
        "Q4 2021": {
          "revenue": 1.23945e+17,
          "operating_income": 4.1488e+16,
          "nopat": 3.31904e+16,
          "invested_capital": 1.68782e+17,
          "reported_roic": 0.7866,
          "goodwill": 0,
          "intangibles": 0,
          "leases": 0,
          "adj_invested_capital": 1.68782e+17,
          "restruct_avg": 0.0,
          "adj_nopat": 3.31904e+16,
          "adj_roic": 0.7866,
          "spread": 0.0,
          "rev_per_employee": null,
          "capex_intensity": 0.0226,
          "fcf_conversion": 1.3306,
          "buyback_flag": true,
          "market_cap": null,
          "headcount": null
        },
        "Q1 2022": {
          "revenue": 9.7278e+16,
          "operating_income": 2.9979e+16,
          "nopat": 2.39832e+16,
          "invested_capital": 1.68959e+17,
          "reported_roic": 0.5678,
          "goodwill": 0,
          "intangibles": 0,
          "leases": 0,
          "adj_invested_capital": 1.68959e+17,
          "restruct_avg": 0.0,
          "adj_nopat": 2.39832e+16,
          "adj_roic": 0.5678,
          "spread": 0.0,
          "rev_per_employee": null,
          "capex_intensity": null,
          "fcf_conversion": null,
          "buyback_flag": false,
          "market_cap": null,
          "headcount": null
        },
        "Q2 2022": {
          "revenue": 8.2959e+16,
          "operating_income": 2.3076e+16,
          "nopat": 1.84608e+16,
          "invested_capital": 1.64296e+17,
          "reported_roic": 0.4495,
          "goodwill": 0,
          "intangibles": 0,
          "leases": 0,
          "adj_invested_capital": 1.64296e+17,
          "restruct_avg": 0.0,
          "adj_nopat": 1.84608e+16,
          "adj_roic": 0.4495,
          "spread": 0.0,
          "rev_per_employee": null,
          "capex_intensity": null,
          "fcf_conversion": null,
          "buyback_flag": false,
          "market_cap": null,
          "headcount": null
        },
        "Q4 2022": {
          "revenue": 1.17154e+17,
          "operating_income": 3.6016e+16,
          "nopat": 2.88128e+16,
          "invested_capital": 1.57075e+17,
          "reported_roic": 0.7337,
          "goodwill": 0,
          "intangibles": 0,
          "leases": 0,
          "adj_invested_capital": 1.57075e+17,
          "restruct_avg": 0.0,
          "adj_nopat": 2.88128e+16,
          "adj_roic": 0.7337,
          "spread": 0.0,
          "rev_per_employee": null,
          "capex_intensity": 0.0323,
          "fcf_conversion": 1.0488,
          "buyback_flag": true,
          "market_cap": null,
          "headcount": null
        },
        "Q2 2023": {
          "revenue": 9.4836e+16,
          "operating_income": 2.8318e+16,
          "nopat": 2.54862e+16,
          "invested_capital": 1.57645e+17,
          "reported_roic": 0.6467,
          "goodwill": 0,
          "intangibles": 0,
          "leases": 0,
          "adj_invested_capital": 1.57645e+17,
          "restruct_avg": 0.0,
          "adj_nopat": 2.54862e+16,
          "adj_roic": 0.6467,
          "spread": 0.0,
          "rev_per_employee": null,
          "capex_intensity": null,
          "fcf_conversion": null,
          "buyback_flag": false,
          "market_cap": null,
          "headcount": null
        },
        "Q3 2023": {
          "revenue": 8.1797e+16,
          "operating_income": 2.2998e+16,
          "nopat": 2.06982e+16,
          "invested_capital": 1.48375e+17,
          "reported_roic": 0.558,
          "goodwill": 0,
          "intangibles": 0,
          "leases": 0,
          "adj_invested_capital": 1.48375e+17,
          "restruct_avg": 0.0,
          "adj_nopat": 2.06982e+16,
          "adj_roic": 0.558,
          "spread": 0.0,
          "rev_per_employee": null,
          "capex_intensity": null,
          "fcf_conversion": null,
          "buyback_flag": false,
          "market_cap": null,
          "headcount": null
        },
        "Q4 2023": {
          "revenue": 1.19575e+17,
          "operating_income": 4.0373e+16,
          "nopat": 3.22984e+16,
          "invested_capital": 1.52292e+17,
          "reported_roic": 0.8483,
          "goodwill": 0,
          "intangibles": 0,
          "leases": 0,
          "adj_invested_capital": 1.52292e+17,
          "restruct_avg": 0.0,
          "adj_nopat": 3.22984e+16,
          "adj_roic": 0.8483,
          "spread": 0.0,
          "rev_per_employee": null,
          "capex_intensity": 0.02,
          "fcf_conversion": 1.1611,
          "buyback_flag": true,
          "market_cap": null,
          "headcount": null
        },
        "Q1 2024": {
          "revenue": 9.0753e+16,
          "operating_income": 2.79e+16,
          "nopat": 2.232e+16,
          "invested_capital": 1.56858e+17,
          "reported_roic": 0.5692,
          "goodwill": 0,
          "intangibles": 0,
          "leases": 0,
          "adj_invested_capital": 1.56858e+17,
          "restruct_avg": 0.0,
          "adj_nopat": 2.232e+16,
          "adj_roic": 0.5692,
          "spread": 0.0,
          "rev_per_employee": null,
          "capex_intensity": null,
          "fcf_conversion": null,
          "buyback_flag": false,
          "market_cap": null,
          "headcount": null
        },
        "Q2 2024": {
          "revenue": 8.5777e+16,
          "operating_income": 2.5352e+16,
          "nopat": 2.02816e+16,
          "invested_capital": 1.54551e+17,
          "reported_roic": 0.5249,
          "goodwill": 0,
          "intangibles": 0,
          "leases": 0,
          "adj_invested_capital": 1.54551e+17,
          "restruct_avg": 0.0,
          "adj_nopat": 2.02816e+16,
          "adj_roic": 0.5249,
          "spread": 0.0,
          "rev_per_employee": null,
          "capex_intensity": null,
          "fcf_conversion": null,
          "buyback_flag": false,
          "market_cap": null,
          "headcount": null
        },
        "Q4 2024": {
          "revenue": 1.243e+17,
          "operating_income": 4.2832e+16,
          "nopat": 3.85488e+16,
          "invested_capital": 1.44102e+17,
          "reported_roic": 1.07,
          "goodwill": 0,
          "intangibles": 0,
          "leases": 0,
          "adj_invested_capital": 1.44102e+17,
          "restruct_avg": 0.0,
          "adj_nopat": 3.85488e+16,
          "adj_roic": 1.07,
          "spread": 0.0,
          "rev_per_employee": null,
          "capex_intensity": 0.0237,
          "fcf_conversion": 0.7003,
          "buyback_flag": true,
          "market_cap": null,
          "headcount": null
        },
        "Q1 2025": {
          "revenue": 9.5359e+16,
          "operating_income": 2.9589e+16,
          "nopat": 2.36712e+16,
          "invested_capital": 1.50454e+17,
          "reported_roic": 0.6293,
          "goodwill": 0,
          "intangibles": 0,
          "leases": 0,
          "adj_invested_capital": 1.50454e+17,
          "restruct_avg": 0.0,
          "adj_nopat": 2.36712e+16,
          "adj_roic": 0.6293,
          "spread": 0.0,
          "rev_per_employee": null,
          "capex_intensity": null,
          "fcf_conversion": null,
          "buyback_flag": false,
          "market_cap": null,
          "headcount": null
        },
        "Q2 2025": {
          "revenue": 9.4036e+16,
          "operating_income": 2.8202e+16,
          "nopat": 2.25616e+16,
          "invested_capital": 1.40629e+17,
          "reported_roic": 0.6417,
          "goodwill": 0,
          "intangibles": 0,
          "leases": 0,
          "adj_invested_capital": 1.40629e+17,
          "restruct_avg": 0.0,
          "adj_nopat": 2.25616e+16,
          "adj_roic": 0.6417,
          "spread": 0.0,
          "rev_per_employee": null,
          "capex_intensity": null,
          "fcf_conversion": null,
          "buyback_flag": false,
          "market_cap": null,
          "headcount": null
        },
        "Q4 2025": {
          "revenue": 1.43756e+17,
          "operating_income": 5.0852e+16,
          "nopat": 4.06816e+16,
          "invested_capital": 1.45197e+17,
          "reported_roic": 1.1207,
          "goodwill": 0,
          "intangibles": 0,
          "leases": 0,
          "adj_invested_capital": 1.45197e+17,
          "restruct_avg": 0.0,
          "adj_nopat": 4.06816e+16,
          "adj_roic": 1.1207,
          "spread": 0.0,
          "rev_per_employee": null,
          "capex_intensity": 0.0165,
          "fcf_conversion": 1.2672,
          "buyback_flag": true,
          "market_cap": null,
          "headcount": null
        }
      }
    },
    "NVDA": {
      "info": {
        "name": "NVIDIA",
        "sector": "Technology",
        "tier": 2
      },
      "quarters": {
        "Q2 2015": {
          "revenue": null,
          "operating_income": 176000000000000.0,
          "nopat": 140800000000000.0,
          "invested_capital": 5483000000000000.0,
          "reported_roic": 0.1027,
          "goodwill": 618000000000000.0,
          "intangibles": 205000000000000.0,
          "leases": 0,
          "adj_invested_capital": 4660000000000000.0,
          "restruct_avg": 0.0,
          "adj_nopat": 140800000000000.0,
          "adj_roic": 0.1209,
          "spread": 0.0181,
          "rev_per_employee": null,
          "capex_intensity": null,
          "fcf_conversion": 1.5341,
          "buyback_flag": true,
          "market_cap": null,
          "headcount": null
        },
        "Q3 2015": {
          "revenue": null,
          "operating_income": 76000000000000.0,
          "nopat": 30400000000000.0,
          "invested_capital": 5149000000000000.0,
          "reported_roic": 0.0236,
          "goodwill": 618000000000000.0,
          "intangibles": 190000000000000.0,
          "leases": 0,
          "adj_invested_capital": 4341000000000000.0,
          "restruct_avg": 29666666666666.7,
          "adj_nopat": 18533333333333.3,
          "adj_roic": 0.0171,
          "spread": -0.0065,
          "rev_per_employee": null,
          "capex_intensity": null,
          "fcf_conversion": null,
          "buyback_flag": true,
          "market_cap": null,
          "headcount": null
        },
        "Q4 2015": {
          "revenue": null,
          "operating_income": 245000000000000.0,
          "nopat": 245000000000000.0,
          "invested_capital": 5400000000000000.0,
          "reported_roic": 0.1815,
          "goodwill": 618000000000000.0,
          "intangibles": 172000000000000.0,
          "leases": 0,
          "adj_invested_capital": 4610000000000000.0,
          "restruct_avg": 24250000000000.0,
          "adj_nopat": 220750000000000.0,
          "adj_roic": 0.1915,
          "spread": 0.0101,
          "rev_per_employee": null,
          "capex_intensity": null,
          "fcf_conversion": null,
          "buyback_flag": true,
          "market_cap": null,
          "headcount": null
        },
        "Q4 2016": {
          "revenue": null,
          "operating_income": 639000000000000.0,
          "nopat": 575100000000000.0,
          "invested_capital": 5366000000000000.0,
          "reported_roic": 0.4287,
          "goodwill": 618000000000000.0,
          "intangibles": 120000000000000.0,
          "leases": 0,
          "adj_invested_capital": 4628000000000000.0,
          "restruct_avg": 750000000000.0,
          "adj_nopat": 574425000000000.0,
          "adj_roic": 0.4965,
          "spread": 0.0678,
          "rev_per_employee": null,
          "capex_intensity": null,
          "fcf_conversion": null,
          "buyback_flag": false,
          "market_cap": null,
          "headcount": null
        },
        "Q2 2017": {
          "revenue": 1937000000000000.0,
          "operating_income": 554000000000000.0,
          "nopat": 498600000000000.0,
          "invested_capital": 6127000000000000.0,
          "reported_roic": 0.3255,
          "goodwill": 618000000000000.0,
          "intangibles": 90000000000000.0,
          "leases": 0,
          "adj_invested_capital": 5419000000000000.0,
          "restruct_avg": 500000000000.0,
          "adj_nopat": 498150000000000.0,
          "adj_roic": 0.3677,
          "spread": 0.0422,
          "rev_per_employee": null,
          "capex_intensity": 0.0279,
          "fcf_conversion": 0.4577,
          "buyback_flag": false,
          "market_cap": null,
          "headcount": null
        },
        "Q3 2017": {
          "revenue": 2230000000000000.0,
          "operating_income": 688000000000000.0,
          "nopat": 619200000000000.0,
          "invested_capital": 5969000000000000.0,
          "reported_roic": 0.4149,
          "goodwill": 618000000000000.0,
          "intangibles": 76000000000000.0,
          "leases": 0,
          "adj_invested_capital": 5275000000000000.0,
          "restruct_avg": 0.0,
          "adj_nopat": 619200000000000.0,
          "adj_roic": 0.4695,
          "spread": 0.0546,
          "rev_per_employee": null,
          "capex_intensity": null,
          "fcf_conversion": null,
          "buyback_flag": false,
          "market_cap": null,
          "headcount": null
        },
        "Q4 2017": {
          "revenue": 2636000000000000.0,
          "operating_income": 895000000000000.0,
          "nopat": 805500000000000.0,
          "invested_capital": 5535000000000000.0,
          "reported_roic": 0.5821,
          "goodwill": 618000000000000.0,
          "intangibles": 63000000000000.0,
          "leases": 0,
          "adj_invested_capital": 4854000000000000.0,
          "restruct_avg": 0.0,
          "adj_nopat": 805500000000000.0,
          "adj_roic": 0.6638,
          "spread": 0.0817,
          "rev_per_employee": null,
          "capex_intensity": null,
          "fcf_conversion": null,
          "buyback_flag": false,
          "market_cap": null,
          "headcount": null
        },
        "Q2 2018": {
          "revenue": 3207000000000000.0,
          "operating_income": 1295000000000000.0,
          "nopat": 1165500000000000.0,
          "invested_capital": 8938000000000000.0,
          "reported_roic": 0.5216,
          "goodwill": 618000000000000.0,
          "intangibles": 55000000000000.0,
          "leases": 0,
          "adj_invested_capital": 8265000000000000.0,
          "restruct_avg": 0.0,
          "adj_nopat": 1165500000000000.0,
          "adj_roic": 0.5641,
          "spread": 0.0425,
          "rev_per_employee": null,
          "capex_intensity": 0.0368,
          "fcf_conversion": 1.1386,
          "buyback_flag": true,
          "market_cap": null,
          "headcount": null
        },
        "Q3 2018": {
          "revenue": 3123000000000000.0,
          "operating_income": 1157000000000000.0,
          "nopat": 1041300000000000.0,
          "invested_capital": 1.0064e+16,
          "reported_roic": 0.4139,
          "goodwill": 618000000000000.0,
          "intangibles": 51000000000000.0,
          "leases": 0,
          "adj_invested_capital": 9395000000000000.0,
          "restruct_avg": 0.0,
          "adj_nopat": 1041300000000000.0,
          "adj_roic": 0.4433,
          "spread": 0.0295,
          "rev_per_employee": null,
          "capex_intensity": null,
          "fcf_conversion": null,
          "buyback_flag": false,
          "market_cap": null,
          "headcount": null
        },
        "Q4 2018": {
          "revenue": 3181000000000000.0,
          "operating_income": 1058000000000000.0,
          "nopat": 952200000000000.0,
          "invested_capital": 1.0741e+16,
          "reported_roic": 0.3546,
          "goodwill": 618000000000000.0,
          "intangibles": 49000000000000.0,
          "leases": 0,
          "adj_invested_capital": 1.0074e+16,
          "restruct_avg": 0.0,
          "adj_nopat": 952200000000000.0,
          "adj_roic": 0.3781,
          "spread": 0.0235,
          "rev_per_employee": null,
          "capex_intensity": null,
          "fcf_conversion": null,
          "buyback_flag": false,
          "market_cap": null,
          "headcount": null
        },
        "Q2 2019": {
          "revenue": 2220000000000000.0,
          "operating_income": 358000000000000.0,
          "nopat": 358000000000000.0,
          "invested_capital": 8920000000000000.0,
          "reported_roic": 0.1605,
          "goodwill": 618000000000000.0,
          "intangibles": 54000000000000.0,
          "leases": 0,
          "adj_invested_capital": 8248000000000000.0,
          "restruct_avg": 0.0,
          "adj_nopat": 358000000000000.0,
          "adj_roic": 0.1736,
          "spread": 0.0131,
          "rev_per_employee": null,
          "capex_intensity": 0.0577,
          "fcf_conversion": 1.6536,
          "buyback_flag": false,
          "market_cap": null,
          "headcount": null
        },
        "Q3 2019": {
          "revenue": 2579000000000000.0,
          "operating_income": 571000000000000.0,
          "nopat": 513900000000000.0,
          "invested_capital": 5220000000000000.0,
          "reported_roic": 0.3938,
          "goodwill": 618000000000000.0,
          "intangibles": 49000000000000.0,
          "leases": 0,
          "adj_invested_capital": 4553000000000000.0,
          "restruct_avg": 0.0,
          "adj_nopat": 513900000000000.0,
          "adj_roic": 0.4515,
          "spread": 0.0577,
          "rev_per_employee": null,
          "capex_intensity": null,
          "fcf_conversion": null,
          "buyback_flag": false,
          "market_cap": null,
          "headcount": null
        },
        "Q4 2019": {
          "revenue": 3014000000000000.0,
          "operating_income": 927000000000000.0,
          "nopat": 834300000000000.0,
          "invested_capital": 3439000000000000.0,
          "reported_roic": 0.9704,
          "goodwill": 618000000000000.0,
          "intangibles": 43000000000000.0,
          "leases": 0,
          "adj_invested_capital": 2778000000000000.0,
          "restruct_avg": 0.0,
          "adj_nopat": 834300000000000.0,
          "adj_roic": 1.2013,
          "spread": 0.2309,
          "rev_per_employee": null,
          "capex_intensity": null,
          "fcf_conversion": null,
          "buyback_flag": true,
          "market_cap": null,
          "headcount": null
        },
        "Q2 2020": {
          "revenue": null,
          "operating_income": 976000000000000.0,
          "nopat": 878400000000000.0,
          "invested_capital": 4564000000000000.0,
          "reported_roic": 0.7699,
          "goodwill": 628000000000000.0,
          "intangibles": 80000000000000.0,
          "leases": 0,
          "adj_invested_capital": 3856000000000000.0,
          "restruct_avg": 0.0,
          "adj_nopat": 878400000000000.0,
          "adj_roic": 0.9112,
          "spread": 0.1414,
          "rev_per_employee": null,
          "capex_intensity": null,
          "fcf_conversion": 0.8584,
          "buyback_flag": false,
          "market_cap": null,
          "headcount": null
        },
        "Q3 2020": {
          "revenue": null,
          "operating_income": 651000000000000.0,
          "nopat": 651000000000000.0,
          "invested_capital": 1.76e+16,
          "reported_roic": 0.148,
          "goodwill": 4193000000000000.0,
          "intangibles": 2854000000000000.0,
          "leases": 0,
          "adj_invested_capital": 1.0553e+16,
          "restruct_avg": 0.0,
          "adj_nopat": 651000000000000.0,
          "adj_roic": 0.2468,
          "spread": 0.0988,
          "rev_per_employee": null,
          "capex_intensity": null,
          "fcf_conversion": null,
          "buyback_flag": false,
          "market_cap": null,
          "headcount": null
        },
        "Q4 2020": {
          "revenue": null,
          "operating_income": 1398000000000000.0,
          "nopat": 1398000000000000.0,
          "invested_capital": 2.0044e+16,
          "reported_roic": 0.279,
          "goodwill": 4193000000000000.0,
          "intangibles": 2861000000000000.0,
          "leases": 0,
          "adj_invested_capital": 1.299e+16,
          "restruct_avg": 0.0,
          "adj_nopat": 1398000000000000.0,
          "adj_roic": 0.4305,
          "spread": 0.1515,
          "rev_per_employee": null,
          "capex_intensity": null,
          "fcf_conversion": null,
          "buyback_flag": false,
          "market_cap": null,
          "headcount": null
        },
        "Q2 2021": {
          "revenue": null,
          "operating_income": 1956000000000000.0,
          "nopat": 1760400000000000.0,
          "invested_capital": 2.5758e+16,
          "reported_roic": 0.2734,
          "goodwill": 4193000000000000.0,
          "intangibles": 2613000000000000.0,
          "leases": 0,
          "adj_invested_capital": 1.8952e+16,
          "restruct_avg": 0.0,
          "adj_nopat": 1760400000000000.0,
          "adj_roic": 0.3715,
          "spread": 0.0982,
          "rev_per_employee": null,
          "capex_intensity": null,
          "fcf_conversion": null,
          "buyback_flag": false,
          "market_cap": null,
          "headcount": null
        },
        "Q3 2021": {
          "revenue": null,
          "operating_income": 2444000000000000.0,
          "nopat": 2444000000000000.0,
          "invested_capital": 2.8462e+16,
          "reported_roic": 0.3435,
          "goodwill": 4193000000000000.0,
          "intangibles": 2478000000000000.0,
          "leases": 0,
          "adj_invested_capital": 2.1791e+16,
          "restruct_avg": 0.0,
          "adj_nopat": 2444000000000000.0,
          "adj_roic": 0.4486,
          "spread": 0.1052,
          "rev_per_employee": null,
          "capex_intensity": null,
          "fcf_conversion": null,
          "buyback_flag": false,
          "market_cap": null,
          "headcount": null
        },
        "Q4 2021": {
          "revenue": null,
          "operating_income": 2671000000000000.0,
          "nopat": 2403900000000000.0,
          "invested_capital": 3.3454e+16,
          "reported_roic": 0.2874,
          "goodwill": 4302000000000000.0,
          "intangibles": 2454000000000000.0,
          "leases": 0,
          "adj_invested_capital": 2.6698e+16,
          "restruct_avg": 0.0,
          "adj_nopat": 2403900000000000.0,
          "adj_roic": 0.3602,
          "spread": 0.0727,
          "rev_per_employee": null,
          "capex_intensity": null,
          "fcf_conversion": null,
          "buyback_flag": false,
          "market_cap": null,
          "headcount": null
        },
        "Q2 2022": {
          "revenue": null,
          "operating_income": 1868000000000000.0,
          "nopat": 1681200000000000.0,
          "invested_capital": 3.338e+16,
          "reported_roic": 0.2015,
          "goodwill": 4365000000000000.0,
          "intangibles": 2211000000000000.0,
          "leases": 0,
          "adj_invested_capital": 2.6804e+16,
          "restruct_avg": 0.0,
          "adj_nopat": 1681200000000000.0,
          "adj_roic": 0.2509,
          "spread": 0.0494,
          "rev_per_employee": null,
          "capex_intensity": null,
          "fcf_conversion": null,
          "buyback_flag": true,
          "market_cap": null,
          "headcount": null
        },
        "Q3 2022": {
          "revenue": null,
          "operating_income": 499000000000000.0,
          "nopat": 698600000000000.0,
          "invested_capital": 3.3036e+16,
          "reported_roic": 0.0846,
          "goodwill": 4372000000000000.0,
          "intangibles": 2036000000000000.0,
          "leases": 0,
          "adj_invested_capital": 2.6628e+16,
          "restruct_avg": 0.0,
          "adj_nopat": 698600000000000.0,
          "adj_roic": 0.1049,
          "spread": 0.0204,
          "rev_per_employee": null,
          "capex_intensity": null,
          "fcf_conversion": null,
          "buyback_flag": false,
          "market_cap": null,
          "headcount": null
        },
        "Q4 2022": {
          "revenue": null,
          "operating_income": 601000000000000.0,
          "nopat": 661100000000000.0,
          "invested_capital": 3.0748e+16,
          "reported_roic": 0.086,
          "goodwill": 4372000000000000.0,
          "intangibles": 1850000000000000.0,
          "leases": 0,
          "adj_invested_capital": 2.4526e+16,
          "restruct_avg": 0.0,
          "adj_nopat": 661100000000000.0,
          "adj_roic": 0.1078,
          "spread": 0.0218,
          "rev_per_employee": null,
          "capex_intensity": null,
          "fcf_conversion": null,
          "buyback_flag": false,
          "market_cap": null,
          "headcount": null
        },
        "Q2 2023": {
          "revenue": null,
          "operating_income": 2140000000000000.0,
          "nopat": 1926000000000000.0,
          "invested_capital": 3.1645e+16,
          "reported_roic": 0.2435,
          "goodwill": 4430000000000000.0,
          "intangibles": 1541000000000000.0,
          "leases": 0,
          "adj_invested_capital": 2.5674e+16,
          "restruct_avg": 0.0,
          "adj_nopat": 1926000000000000.0,
          "adj_roic": 0.3001,
          "spread": 0.0566,
          "rev_per_employee": null,
          "capex_intensity": null,
          "fcf_conversion": null,
          "buyback_flag": false,
          "market_cap": null,
          "headcount": null
        },
        "Q3 2023": {
          "revenue": null,
          "operating_income": 6800000000000000.0,
          "nopat": 6120000000000000.0,
          "invested_capital": 3.2672e+16,
          "reported_roic": 0.7493,
          "goodwill": 4430000000000000.0,
          "intangibles": 1395000000000000.0,
          "leases": 0,
          "adj_invested_capital": 2.6847e+16,
          "restruct_avg": 0.0,
          "adj_nopat": 6120000000000000.0,
          "adj_roic": 0.9118,
          "spread": 0.1626,
          "rev_per_employee": null,
          "capex_intensity": null,
          "fcf_conversion": null,
          "buyback_flag": false,
          "market_cap": null,
          "headcount": null
        },
        "Q4 2023": {
          "revenue": null,
          "operating_income": 1.0417e+16,
          "nopat": 9375300000000000.0,
          "invested_capital": 3.8701e+16,
          "reported_roic": 0.969,
          "goodwill": 4430000000000000.0,
          "intangibles": 1251000000000000.0,
          "leases": 0,
          "adj_invested_capital": 3.302e+16,
          "restruct_avg": 0.0,
          "adj_nopat": 9375300000000000.0,
          "adj_roic": 1.1357,
          "spread": 0.1667,
          "rev_per_employee": null,
          "capex_intensity": null,
          "fcf_conversion": null,
          "buyback_flag": true,
          "market_cap": null,
          "headcount": null
        },
        "Q2 2024": {
          "revenue": null,
          "operating_income": 1.6909e+16,
          "nopat": 1.52181e+16,
          "invested_capital": 5.2515e+16,
          "reported_roic": 1.1591,
          "goodwill": 4453000000000000.0,
          "intangibles": 986000000000000.0,
          "leases": 0,
          "adj_invested_capital": 4.7076e+16,
          "restruct_avg": 0.0,
          "adj_nopat": 1.52181e+16,
          "adj_roic": 1.2931,
          "spread": 0.1339,
          "rev_per_employee": null,
          "capex_intensity": null,
          "fcf_conversion": null,
          "buyback_flag": true,
          "market_cap": null,
          "headcount": null
        },
        "Q3 2024": {
          "revenue": null,
          "operating_income": 1.8642e+16,
          "nopat": 1.67778e+16,
          "invested_capital": 5.8055e+16,
          "reported_roic": 1.156,
          "goodwill": 4622000000000000.0,
          "intangibles": 952000000000000.0,
          "leases": 0,
          "adj_invested_capital": 5.2481e+16,
          "restruct_avg": 0.0,
          "adj_nopat": 1.67778e+16,
          "adj_roic": 1.2788,
          "spread": 0.1228,
          "rev_per_employee": null,
          "capex_intensity": null,
          "fcf_conversion": null,
          "buyback_flag": false,
          "market_cap": null,
          "headcount": null
        },
        "Q4 2024": {
          "revenue": null,
          "operating_income": 2.1869e+16,
          "nopat": 1.96821e+16,
          "invested_capital": 6.5254e+16,
          "reported_roic": 1.2065,
          "goodwill": 4724000000000000.0,
          "intangibles": 838000000000000.0,
          "leases": 0,
          "adj_invested_capital": 5.9692e+16,
          "restruct_avg": 0.0,
          "adj_nopat": 1.96821e+16,
          "adj_roic": 1.3189,
          "spread": 0.1124,
          "rev_per_employee": null,
          "capex_intensity": null,
          "fcf_conversion": null,
          "buyback_flag": false,
          "market_cap": null,
          "headcount": null
        },
        "Q2 2025": {
          "revenue": null,
          "operating_income": 2.1638e+16,
          "nopat": 1.94742e+16,
          "invested_capital": 7.7073e+16,
          "reported_roic": 1.0107,
          "goodwill": 5498000000000000.0,
          "intangibles": 769000000000000.0,
          "leases": 0,
          "adj_invested_capital": 7.0806e+16,
          "restruct_avg": 0.0,
          "adj_nopat": 1.94742e+16,
          "adj_roic": 1.1001,
          "spread": 0.0895,
          "rev_per_employee": null,
          "capex_intensity": null,
          "fcf_conversion": null,
          "buyback_flag": true,
          "market_cap": null,
          "headcount": null
        },
        "Q3 2025": {
          "revenue": null,
          "operating_income": 2.844e+16,
          "nopat": 2.2752e+16,
          "invested_capital": 9.6958e+16,
          "reported_roic": 0.9386,
          "goodwill": 5755000000000000.0,
          "intangibles": 755000000000000.0,
          "leases": 0,
          "adj_invested_capital": 9.0448e+16,
          "restruct_avg": 0.0,
          "adj_nopat": 2.2752e+16,
          "adj_roic": 1.0062,
          "spread": 0.0676,
          "rev_per_employee": null,
          "capex_intensity": null,
          "fcf_conversion": null,
          "buyback_flag": false,
          "market_cap": null,
          "headcount": null
        },
        "Q4 2025": {
          "revenue": null,
          "operating_income": 3.601e+16,
          "nopat": 2.8808e+16,
          "invested_capital": 1.16877e+17,
          "reported_roic": 0.9859,
          "goodwill": 6261000000000000.0,
          "intangibles": 936000000000000.0,
          "leases": 0,
          "adj_invested_capital": 1.0968e+17,
          "restruct_avg": 0.0,
          "adj_nopat": 2.8808e+16,
          "adj_roic": 1.0506,
          "spread": 0.0647,
          "rev_per_employee": null,
          "capex_intensity": null,
          "fcf_conversion": null,
          "buyback_flag": false,
          "market_cap": null,
          "headcount": null
        }
      }
    },
    "JNJ": {
      "info": {
        "name": "Johnson & Johnson",
        "sector": "Healthcare",
        "tier": 2
      },
      "quarters": {}
    },
    "COST": {
      "info": {
        "name": "Costco",
        "sector": "Retail",
        "tier": 2
      },
      "quarters": {
        "Q1 2015": {
          "revenue": null,
          "operating_income": 877000000000000.0,
          "nopat": 613900000000000.0,
          "invested_capital": 1.057e+16,
          "reported_roic": 0.2323,
          "goodwill": 0,
          "intangibles": 0,
          "leases": 0,
          "adj_invested_capital": 1.057e+16,
          "restruct_avg": 0.0,
          "adj_nopat": 613900000000000.0,
          "adj_roic": 0.2323,
          "spread": 0.0,
          "rev_per_employee": null,
          "capex_intensity": null,
          "fcf_conversion": null,
          "buyback_flag": false,
          "market_cap": null,
          "headcount": null
        },
        "Q2 2015": {
          "revenue": null,
          "operating_income": 821000000000000.0,
          "nopat": 574700000000000.0,
          "invested_capital": 1.275e+16,
          "reported_roic": 0.1803,
          "goodwill": 0,
          "intangibles": 0,
          "leases": 0,
          "adj_invested_capital": 1.275e+16,
          "restruct_avg": 0.0,
          "adj_nopat": 574700000000000.0,
          "adj_roic": 0.1803,
          "spread": 0.0,
          "rev_per_employee": null,
          "capex_intensity": null,
          "fcf_conversion": null,
          "buyback_flag": false,
          "market_cap": null,
          "headcount": null
        },
        "Q4 2015": {
          "revenue": null,
          "operating_income": 767000000000000.0,
          "nopat": 460200000000000.0,
          "invested_capital": 1.3201e+16,
          "reported_roic": 0.1394,
          "goodwill": 0,
          "intangibles": 0,
          "leases": 0,
          "adj_invested_capital": 1.3201e+16,
          "restruct_avg": 0.0,
          "adj_nopat": 460200000000000.0,
          "adj_roic": 0.1394,
          "spread": 0.0,
          "rev_per_employee": null,
          "capex_intensity": null,
          "fcf_conversion": null,
          "buyback_flag": true,
          "market_cap": null,
          "headcount": null
        },
        "Q1 2016": {
          "revenue": null,
          "operating_income": 856000000000000.0,
          "nopat": 599200000000000.0,
          "invested_capital": 1.2431e+16,
          "reported_roic": 0.1928,
          "goodwill": 0,
          "intangibles": 0,
          "leases": 0,
          "adj_invested_capital": 1.2431e+16,
          "restruct_avg": 0.0,
          "adj_nopat": 599200000000000.0,
          "adj_roic": 0.1928,
          "spread": 0.0,
          "rev_per_employee": null,
          "capex_intensity": null,
          "fcf_conversion": null,
          "buyback_flag": false,
          "market_cap": null,
          "headcount": null
        },
        "Q2 2016": {
          "revenue": null,
          "operating_income": 858000000000000.0,
          "nopat": 600600000000000.0,
          "invested_capital": 1.2928e+16,
          "reported_roic": 0.1858,
          "goodwill": 0,
          "intangibles": 0,
          "leases": 0,
          "adj_invested_capital": 1.2928e+16,
          "restruct_avg": 0.0,
          "adj_nopat": 600600000000000.0,
          "adj_roic": 0.1858,
          "spread": 0.0,
          "rev_per_employee": null,
          "capex_intensity": null,
          "fcf_conversion": null,
          "buyback_flag": false,
          "market_cap": null,
          "headcount": null
        },
        "Q4 2016": {
          "revenue": 2.8099e+16,
          "operating_income": 849000000000000.0,
          "nopat": 594300000000000.0,
          "invested_capital": 1.3419e+16,
          "reported_roic": 0.1772,
          "goodwill": 0,
          "intangibles": 0,
          "leases": 0,
          "adj_invested_capital": 1.3419e+16,
          "restruct_avg": 0.0,
          "adj_nopat": 594300000000000.0,
          "adj_roic": 0.1772,
          "spread": 0.0,
          "rev_per_employee": null,
          "capex_intensity": 0.0237,
          "fcf_conversion": null,
          "buyback_flag": false,
          "market_cap": null,
          "headcount": null
        },
        "Q1 2017": {
          "revenue": 2.9766e+16,
          "operating_income": 844000000000000.0,
          "nopat": 506400000000000.0,
          "invested_capital": 1.5025e+16,
          "reported_roic": 0.1348,
          "goodwill": 0,
          "intangibles": 0,
          "leases": 0,
          "adj_invested_capital": 1.5025e+16,
          "restruct_avg": 0.0,
          "adj_nopat": 506400000000000.0,
          "adj_roic": 0.1348,
          "spread": 0.0,
          "rev_per_employee": null,
          "capex_intensity": 0.0173,
          "fcf_conversion": null,
          "buyback_flag": false,
          "market_cap": null,
          "headcount": null
        },
        "Q2 2017": {
          "revenue": 2.886e+16,
          "operating_income": 968000000000000.0,
          "nopat": 677600000000000.0,
          "invested_capital": 1.0497e+16,
          "reported_roic": 0.2582,
          "goodwill": 0,
          "intangibles": 0,
          "leases": 0,
          "adj_invested_capital": 1.0497e+16,
          "restruct_avg": 0.0,
          "adj_nopat": 677600000000000.0,
          "adj_roic": 0.2582,
          "spread": 0.0,
          "rev_per_employee": null,
          "capex_intensity": 0.0187,
          "fcf_conversion": null,
          "buyback_flag": false,
          "market_cap": null,
          "headcount": null
        },
        "Q4 2017": {
          "revenue": 3.1809e+16,
          "operating_income": 951000000000000.0,
          "nopat": 665700000000000.0,
          "invested_capital": 1.2099e+16,
          "reported_roic": 0.2201,
          "goodwill": 0,
          "intangibles": 0,
          "leases": 0,
          "adj_invested_capital": 1.2099e+16,
          "restruct_avg": 0.0,
          "adj_nopat": 665700000000000.0,
          "adj_roic": 0.2201,
          "spread": 0.0,
          "rev_per_employee": null,
          "capex_intensity": 0.0258,
          "fcf_conversion": null,
          "buyback_flag": false,
          "market_cap": null,
          "headcount": null
        },
        "Q1 2018": {
          "revenue": 3.2995e+16,
          "operating_income": 1016000000000000.0,
          "nopat": 711200000000000.0,
          "invested_capital": 1.3722e+16,
          "reported_roic": 0.2073,
          "goodwill": 0,
          "intangibles": 0,
          "leases": 0,
          "adj_invested_capital": 1.3722e+16,
          "restruct_avg": 0.0,
          "adj_nopat": 711200000000000.0,
          "adj_roic": 0.2073,
          "spread": 0.0,
          "rev_per_employee": null,
          "capex_intensity": 0.0154,
          "fcf_conversion": null,
          "buyback_flag": false,
          "market_cap": null,
          "headcount": null
        },
        "Q2 2018": {
          "revenue": 3.2361e+16,
          "operating_income": 1067000000000000.0,
          "nopat": 746900000000000.0,
          "invested_capital": 1.2996e+16,
          "reported_roic": 0.2299,
          "goodwill": 0,
          "intangibles": 0,
          "leases": 0,
          "adj_invested_capital": 1.2996e+16,
          "restruct_avg": 0.0,
          "adj_nopat": 746900000000000.0,
          "adj_roic": 0.2299,
          "spread": 0.0,
          "rev_per_employee": null,
          "capex_intensity": 0.0181,
          "fcf_conversion": null,
          "buyback_flag": false,
          "market_cap": null,
          "headcount": null
        },
        "Q4 2018": {
          "revenue": 3.5069e+16,
          "operating_income": 949000000000000.0,
          "nopat": 759200000000000.0,
          "invested_capital": 1.2903e+16,
          "reported_roic": 0.2354,
          "goodwill": 0,
          "intangibles": 0,
          "leases": 0,
          "adj_invested_capital": 1.2903e+16,
          "restruct_avg": 0.0,
          "adj_nopat": 759200000000000.0,
          "adj_roic": 0.2354,
          "spread": 0.0,
          "rev_per_employee": null,
          "capex_intensity": 0.0208,
          "fcf_conversion": 1.906,
          "buyback_flag": false,
          "market_cap": null,
          "headcount": null
        },
        "Q1 2019": {
          "revenue": 3.5396e+16,
          "operating_income": 1203000000000000.0,
          "nopat": 842100000000000.0,
          "invested_capital": 1.6001e+16,
          "reported_roic": 0.2105,
          "goodwill": 0,
          "intangibles": 0,
          "leases": 0,
          "adj_invested_capital": 1.6001e+16,
          "restruct_avg": 0.0,
          "adj_nopat": 842100000000000.0,
          "adj_roic": 0.2105,
          "spread": 0.0,
          "rev_per_employee": null,
          "capex_intensity": 0.0166,
          "fcf_conversion": null,
          "buyback_flag": false,
          "market_cap": null,
          "headcount": null
        },
        "Q2 2019": {
          "revenue": 3.474e+16,
          "operating_income": 1122000000000000.0,
          "nopat": 897600000000000.0,
          "invested_capital": 1.5701e+16,
          "reported_roic": 0.2287,
          "goodwill": 0,
          "intangibles": 0,
          "leases": 0,
          "adj_invested_capital": 1.5701e+16,
          "restruct_avg": 0.0,
          "adj_nopat": 897600000000000.0,
          "adj_roic": 0.2287,
          "spread": 0.0,
          "rev_per_employee": null,
          "capex_intensity": 0.0193,
          "fcf_conversion": null,
          "buyback_flag": false,
          "market_cap": null,
          "headcount": null
        },
        "Q4 2019": {
          "revenue": 3.704e+16,
          "operating_income": 1061000000000000.0,
          "nopat": 848800000000000.0,
          "invested_capital": 1.5367e+16,
          "reported_roic": 0.2209,
          "goodwill": 0,
          "intangibles": 0,
          "leases": 0,
          "adj_invested_capital": 1.5367e+16,
          "restruct_avg": 0.0,
          "adj_nopat": 848800000000000.0,
          "adj_roic": 0.2209,
          "spread": 0.0,
          "rev_per_employee": null,
          "capex_intensity": 0.0193,
          "fcf_conversion": 1.6341,
          "buyback_flag": false,
          "market_cap": null,
          "headcount": null
        },
        "Q1 2020": {
          "revenue": 3.9072e+16,
          "operating_income": 1266000000000000.0,
          "nopat": 886200000000000.0,
          "invested_capital": 1.4952e+16,
          "reported_roic": 0.2371,
          "goodwill": 0,
          "intangibles": 0,
          "leases": 0,
          "adj_invested_capital": 1.4952e+16,
          "restruct_avg": 0.0,
          "adj_nopat": 886200000000000.0,
          "adj_roic": 0.2371,
          "spread": 0.0,
          "rev_per_employee": null,
          "capex_intensity": null,
          "fcf_conversion": null,
          "buyback_flag": false,
          "market_cap": null,
          "headcount": null
        },
        "Q2 2020": {
          "revenue": 3.7266e+16,
          "operating_income": 1179000000000000.0,
          "nopat": 825300000000000.0,
          "invested_capital": 1.6622e+16,
          "reported_roic": 0.1986,
          "goodwill": 987000000000000.0,
          "intangibles": 0,
          "leases": 0,
          "adj_invested_capital": 1.5635e+16,
          "restruct_avg": 0.0,
          "adj_nopat": 825300000000000.0,
          "adj_roic": 0.2111,
          "spread": 0.0125,
          "rev_per_employee": null,
          "capex_intensity": null,
          "fcf_conversion": null,
          "buyback_flag": false,
          "market_cap": null,
          "headcount": null
        },
        "Q4 2020": {
          "revenue": 4.3208e+16,
          "operating_income": 1430000000000000.0,
          "nopat": 1144000000000000.0,
          "invested_capital": 9038000000000000.0,
          "reported_roic": 0.5063,
          "goodwill": 0,
          "intangibles": 0,
          "leases": 0,
          "adj_invested_capital": 9038000000000000.0,
          "restruct_avg": 0.0,
          "adj_nopat": 1144000000000000.0,
          "adj_roic": 0.5063,
          "spread": 0.0,
          "rev_per_employee": null,
          "capex_intensity": 0.0207,
          "fcf_conversion": 1.5332,
          "buyback_flag": false,
          "market_cap": null,
          "headcount": null
        },
        "Q1 2021": {
          "revenue": 4.4769e+16,
          "operating_income": 1340000000000000.0,
          "nopat": 938000000000000.0,
          "invested_capital": 1.4771e+16,
          "reported_roic": 0.254,
          "goodwill": 0,
          "intangibles": 0,
          "leases": 0,
          "adj_invested_capital": 1.4771e+16,
          "restruct_avg": 0.0,
          "adj_nopat": 938000000000000.0,
          "adj_roic": 0.254,
          "spread": 0.0,
          "rev_per_employee": null,
          "capex_intensity": null,
          "fcf_conversion": null,
          "buyback_flag": false,
          "market_cap": null,
          "headcount": null
        },
        "Q2 2021": {
          "revenue": 4.5277e+16,
          "operating_income": 1663000000000000.0,
          "nopat": 1164100000000000.0,
          "invested_capital": 1.3978e+16,
          "reported_roic": 0.3331,
          "goodwill": 0,
          "intangibles": 0,
          "leases": 0,
          "adj_invested_capital": 1.3978e+16,
          "restruct_avg": 0.0,
          "adj_nopat": 1164100000000000.0,
          "adj_roic": 0.3331,
          "spread": 0.0,
          "rev_per_employee": null,
          "capex_intensity": null,
          "fcf_conversion": null,
          "buyback_flag": false,
          "market_cap": null,
          "headcount": null
        },
        "Q4 2021": {
          "revenue": 5.0363e+16,
          "operating_income": 1693000000000000.0,
          "nopat": 1354400000000000.0,
          "invested_capital": 1.4015e+16,
          "reported_roic": 0.3866,
          "goodwill": 0,
          "intangibles": 0,
          "leases": 0,
          "adj_invested_capital": 1.4015e+16,
          "restruct_avg": 0.0,
          "adj_nopat": 1354400000000000.0,
          "adj_roic": 0.3866,
          "spread": 0.0,
          "rev_per_employee": null,
          "capex_intensity": 0.0209,
          "fcf_conversion": 1.6266,
          "buyback_flag": false,
          "market_cap": null,
          "headcount": null
        },
        "Q1 2022": {
          "revenue": 5.1904e+16,
          "operating_income": 1812000000000000.0,
          "nopat": 1268400000000000.0,
          "invested_capital": 1.4293e+16,
          "reported_roic": 0.355,
          "goodwill": 0,
          "intangibles": 0,
          "leases": 0,
          "adj_invested_capital": 1.4293e+16,
          "restruct_avg": 0.0,
          "adj_nopat": 1268400000000000.0,
          "adj_roic": 0.355,
          "spread": 0.0,
          "rev_per_employee": null,
          "capex_intensity": null,
          "fcf_conversion": null,
          "buyback_flag": false,
          "market_cap": null,
          "headcount": null
        },
        "Q2 2022": {
          "revenue": 5.2596e+16,
          "operating_income": 1791000000000000.0,
          "nopat": 1432800000000000.0,
          "invested_capital": 1.547e+16,
          "reported_roic": 0.3705,
          "goodwill": 0,
          "intangibles": 0,
          "leases": 0,
          "adj_invested_capital": 1.547e+16,
          "restruct_avg": 0.0,
          "adj_nopat": 1432800000000000.0,
          "adj_roic": 0.3705,
          "spread": 0.0,
          "rev_per_employee": null,
          "capex_intensity": null,
          "fcf_conversion": null,
          "buyback_flag": false,
          "market_cap": null,
          "headcount": null
        },
        "Q4 2022": {
          "revenue": 5.4437e+16,
          "operating_income": 1751000000000000.0,
          "nopat": 1400800000000000.0,
          "invested_capital": 1.0686e+16,
          "reported_roic": 0.5243,
          "goodwill": 0,
          "intangibles": 0,
          "leases": 0,
          "adj_invested_capital": 1.0686e+16,
          "restruct_avg": 0.0,
          "adj_nopat": 1400800000000000.0,
          "adj_roic": 0.5243,
          "spread": 0.0,
          "rev_per_employee": null,
          "capex_intensity": 0.0194,
          "fcf_conversion": 1.1087,
          "buyback_flag": false,
          "market_cap": null,
          "headcount": null
        },
        "Q1 2023": {
          "revenue": 5.5266e+16,
          "operating_income": 1903000000000000.0,
          "nopat": 1332100000000000.0,
          "invested_capital": 9900000000000000.0,
          "reported_roic": 0.5382,
          "goodwill": 0,
          "intangibles": 0,
          "leases": 0,
          "adj_invested_capital": 9900000000000000.0,
          "restruct_avg": 0.0,
          "adj_nopat": 1332100000000000.0,
          "adj_roic": 0.5382,
          "spread": 0.0,
          "rev_per_employee": null,
          "capex_intensity": null,
          "fcf_conversion": null,
          "buyback_flag": false,
          "market_cap": null,
          "headcount": null
        },
        "Q2 2023": {
          "revenue": 5.3648e+16,
          "operating_income": 1679000000000000.0,
          "nopat": 1175300000000000.0,
          "invested_capital": 1.1075e+16,
          "reported_roic": 0.4245,
          "goodwill": 0,
          "intangibles": 0,
          "leases": 0,
          "adj_invested_capital": 1.1075e+16,
          "restruct_avg": 0.0,
          "adj_nopat": 1175300000000000.0,
          "adj_roic": 0.4245,
          "spread": 0.0,
          "rev_per_employee": null,
          "capex_intensity": null,
          "fcf_conversion": null,
          "buyback_flag": false,
          "market_cap": null,
          "headcount": null
        },
        "Q4 2023": {
          "revenue": 5.7799e+16,
          "operating_income": 1984000000000000.0,
          "nopat": 1587200000000000.0,
          "invested_capital": 1.0216e+16,
          "reported_roic": 0.6215,
          "goodwill": 0,
          "intangibles": 0,
          "leases": 0,
          "adj_invested_capital": 1.0216e+16,
          "restruct_avg": 0.0,
          "adj_nopat": 1587200000000000.0,
          "adj_roic": 0.6215,
          "spread": 0.0,
          "rev_per_employee": null,
          "capex_intensity": 0.018,
          "fcf_conversion": 2.2751,
          "buyback_flag": false,
          "market_cap": null,
          "headcount": null
        },
        "Q1 2024": {
          "revenue": 5.8442e+16,
          "operating_income": 2062000000000000.0,
          "nopat": 1649600000000000.0,
          "invested_capital": 1.2745e+16,
          "reported_roic": 0.5177,
          "goodwill": 0,
          "intangibles": 0,
          "leases": 0,
          "adj_invested_capital": 1.2745e+16,
          "restruct_avg": 0.0,
          "adj_nopat": 1649600000000000.0,
          "adj_roic": 0.5177,
          "spread": 0.0,
          "rev_per_employee": null,
          "capex_intensity": null,
          "fcf_conversion": null,
          "buyback_flag": false,
          "market_cap": null,
          "headcount": null
        },
        "Q2 2024": {
          "revenue": 5.8515e+16,
          "operating_income": 2197000000000000.0,
          "nopat": 1537900000000000.0,
          "invested_capital": 1.2444e+16,
          "reported_roic": 0.4943,
          "goodwill": 0,
          "intangibles": 0,
          "leases": 0,
          "adj_invested_capital": 1.2444e+16,
          "restruct_avg": 0.0,
          "adj_nopat": 1537900000000000.0,
          "adj_roic": 0.4943,
          "spread": 0.0,
          "rev_per_employee": null,
          "capex_intensity": null,
          "fcf_conversion": null,
          "buyback_flag": false,
          "market_cap": null,
          "headcount": null
        }
      }
    },
    "XOM": {
      "info": {
        "name": "ExxonMobil",
        "sector": "Energy",
        "tier": 2
      },
      "quarters": {
        "Q1 2015": {
          "revenue": null,
          "operating_income": 6635000000000000.0,
          "nopat": 5308000000000000.0,
          "invested_capital": 1.85537e+17,
          "reported_roic": 0.1144,
          "goodwill": 0,
          "intangibles": 0,
          "leases": 0,
          "adj_invested_capital": 1.85537e+17,
          "restruct_avg": 0.0,
          "adj_nopat": 5308000000000000.0,
          "adj_roic": 0.1144,
          "spread": 0.0,
          "rev_per_employee": null,
          "capex_intensity": null,
          "fcf_conversion": null,
          "buyback_flag": true,
          "market_cap": null,
          "headcount": null
        },
        "Q2 2015": {
          "revenue": null,
          "operating_income": 6954000000000000.0,
          "nopat": 4172400000000000.0,
          "invested_capital": 1.87756e+17,
          "reported_roic": 0.0889,
          "goodwill": 0,
          "intangibles": 0,
          "leases": 0,
          "adj_invested_capital": 1.87756e+17,
          "restruct_avg": 0.0,
          "adj_nopat": 4172400000000000.0,
          "adj_roic": 0.0889,
          "spread": 0.0,
          "rev_per_employee": null,
          "capex_intensity": null,
          "fcf_conversion": null,
          "buyback_flag": false,
          "market_cap": null,
          "headcount": null
        },
        "Q3 2015": {
          "revenue": null,
          "operating_income": 5749000000000000.0,
          "nopat": 4599200000000000.0,
          "invested_capital": 1.86266e+17,
          "reported_roic": 0.0988,
          "goodwill": 0,
          "intangibles": 0,
          "leases": 0,
          "adj_invested_capital": 1.86266e+17,
          "restruct_avg": 0.0,
          "adj_nopat": 4599200000000000.0,
          "adj_roic": 0.0988,
          "spread": 0.0,
          "rev_per_employee": null,
          "capex_intensity": null,
          "fcf_conversion": null,
          "buyback_flag": false,
          "market_cap": null,
          "headcount": null
        },
        "Q4 2015": {
          "revenue": null,
          "operating_income": 2628000000000000.0,
          "nopat": 2365200000000000.0,
          "invested_capital": 2.05562e+17,
          "reported_roic": 0.046,
          "goodwill": 0,
          "intangibles": 0,
          "leases": 0,
          "adj_invested_capital": 2.05562e+17,
          "restruct_avg": 0.0,
          "adj_nopat": 2365200000000000.0,
          "adj_roic": 0.046,
          "spread": 0.0,
          "rev_per_employee": null,
          "capex_intensity": null,
          "fcf_conversion": null,
          "buyback_flag": true,
          "market_cap": null,
          "headcount": null
        },
        "Q1 2016": {
          "revenue": null,
          "operating_income": 1730000000000000.0,
          "nopat": 1730000000000000.0,
          "invested_capital": 1.96909e+17,
          "reported_roic": 0.0351,
          "goodwill": 0,
          "intangibles": 0,
          "leases": 0,
          "adj_invested_capital": 1.96909e+17,
          "restruct_avg": 0.0,
          "adj_nopat": 1730000000000000.0,
          "adj_roic": 0.0351,
          "spread": 0.0,
          "rev_per_employee": null,
          "capex_intensity": null,
          "fcf_conversion": null,
          "buyback_flag": true,
          "market_cap": null,
          "headcount": null
        },
        "Q2 2016": {
          "revenue": null,
          "operating_income": 2396000000000000.0,
          "nopat": 1677200000000000.0,
          "invested_capital": 1.95732e+17,
          "reported_roic": 0.0343,
          "goodwill": 0,
          "intangibles": 0,
          "leases": 0,
          "adj_invested_capital": 1.95732e+17,
          "restruct_avg": 0.0,
          "adj_nopat": 1677200000000000.0,
          "adj_roic": 0.0343,
          "spread": 0.0,
          "rev_per_employee": null,
          "capex_intensity": null,
          "fcf_conversion": null,
          "buyback_flag": false,
          "market_cap": null,
          "headcount": null
        },
        "Q3 2016": {
          "revenue": null,
          "operating_income": 3226000000000000.0,
          "nopat": 2903400000000000.0,
          "invested_capital": 1.9442e+17,
          "reported_roic": 0.0597,
          "goodwill": 0,
          "intangibles": 0,
          "leases": 0,
          "adj_invested_capital": 1.9442e+17,
          "restruct_avg": 0.0,
          "adj_nopat": 2903400000000000.0,
          "adj_roic": 0.0597,
          "spread": 0.0,
          "rev_per_employee": null,
          "capex_intensity": null,
          "fcf_conversion": null,
          "buyback_flag": false,
          "market_cap": null,
          "headcount": null
        },
        "Q1 2017": {
          "revenue": null,
          "operating_income": 5918000000000000.0,
          "nopat": 4142599999999999.5,
          "invested_capital": 1.97378e+17,
          "reported_roic": 0.084,
          "goodwill": 0,
          "intangibles": 0,
          "leases": 0,
          "adj_invested_capital": 1.97378e+17,
          "restruct_avg": 0.0,
          "adj_nopat": 4142599999999999.5,
          "adj_roic": 0.084,
          "spread": 0.0,
          "rev_per_employee": null,
          "capex_intensity": null,
          "fcf_conversion": 1.2753,
          "buyback_flag": false,
          "market_cap": null,
          "headcount": null
        },
        "Q2 2017": {
          "revenue": null,
          "operating_income": 4156000000000000.0,
          "nopat": 3324800000000000.0,
          "invested_capital": 1.99886e+17,
          "reported_roic": 0.0665,
          "goodwill": 0,
          "intangibles": 0,
          "leases": 0,
          "adj_invested_capital": 1.99886e+17,
          "restruct_avg": 0.0,
          "adj_nopat": 3324800000000000.0,
          "adj_roic": 0.0665,
          "spread": 0.0,
          "rev_per_employee": null,
          "capex_intensity": null,
          "fcf_conversion": 1.1577,
          "buyback_flag": false,
          "market_cap": null,
          "headcount": null
        },
        "Q3 2017": {
          "revenue": null,
          "operating_income": 5583000000000000.0,
          "nopat": 3908100000000000.0,
          "invested_capital": 2.02879e+17,
          "reported_roic": 0.0771,
          "goodwill": 0,
          "intangibles": 0,
          "leases": 0,
          "adj_invested_capital": 2.02879e+17,
          "restruct_avg": 0.0,
          "adj_nopat": 3908100000000000.0,
          "adj_roic": 0.0771,
          "spread": 0.0,
          "rev_per_employee": null,
          "capex_intensity": null,
          "fcf_conversion": null,
          "buyback_flag": false,
          "market_cap": null,
          "headcount": null
        },
        "Q1 2018": {
          "revenue": null,
          "operating_income": 7240000000000000.0,
          "nopat": 5068000000000000.0,
          "invested_capital": 2.04851e+17,
          "reported_roic": 0.099,
          "goodwill": 0,
          "intangibles": 0,
          "leases": 0,
          "adj_invested_capital": 2.04851e+17,
          "restruct_avg": 0.0,
          "adj_nopat": 5068000000000000.0,
          "adj_roic": 0.099,
          "spread": 0.0,
          "rev_per_employee": null,
          "capex_intensity": null,
          "fcf_conversion": 1.0201,
          "buyback_flag": false,
          "market_cap": null,
          "headcount": null
        },
        "Q2 2018": {
          "revenue": null,
          "operating_income": 6512000000000000.0,
          "nopat": 3907200000000000.0,
          "invested_capital": 2.04512e+17,
          "reported_roic": 0.0764,
          "goodwill": 0,
          "intangibles": 0,
          "leases": 0,
          "adj_invested_capital": 2.04512e+17,
          "restruct_avg": 0.0,
          "adj_nopat": 3907200000000000.0,
          "adj_roic": 0.0764,
          "spread": 0.0,
          "rev_per_employee": null,
          "capex_intensity": null,
          "fcf_conversion": 0.7302,
          "buyback_flag": false,
          "market_cap": null,
          "headcount": null
        },
        "Q3 2018": {
          "revenue": 7.4187e+16,
          "operating_income": 9080000000000000.0,
          "nopat": 6356000000000000.0,
          "invested_capital": 2.0532e+17,
          "reported_roic": 0.1238,
          "goodwill": 0,
          "intangibles": 0,
          "leases": 0,
          "adj_invested_capital": 2.0532e+17,
          "restruct_avg": 0.0,
          "adj_nopat": 6356000000000000.0,
          "adj_roic": 0.1238,
          "spread": 0.0,
          "rev_per_employee": null,
          "capex_intensity": null,
          "fcf_conversion": null,
          "buyback_flag": false,
          "market_cap": null,
          "headcount": null
        },
        "Q4 2018": {
          "revenue": 6.8253e+16,
          "operating_income": 8121000000000000.0,
          "nopat": 6496800000000000.0,
          "invested_capital": 2.26223e+17,
          "reported_roic": 0.1149,
          "goodwill": 0,
          "intangibles": 0,
          "leases": 0,
          "adj_invested_capital": 2.26223e+17,
          "restruct_avg": 0.0,
          "adj_nopat": 6496800000000000.0,
          "adj_roic": 0.1149,
          "spread": 0.0,
          "rev_per_employee": null,
          "capex_intensity": 0.0893,
          "fcf_conversion": 0.3868,
          "buyback_flag": false,
          "market_cap": null,
          "headcount": null
        },
        "Q1 2019": {
          "revenue": 6.1646e+16,
          "operating_income": 4289000000000000.0,
          "nopat": 2573400000000000.0,
          "invested_capital": 2.05667e+17,
          "reported_roic": 0.05,
          "goodwill": 0,
          "intangibles": 0,
          "leases": 0,
          "adj_invested_capital": 2.05667e+17,
          "restruct_avg": 0.0,
          "adj_nopat": 2573400000000000.0,
          "adj_roic": 0.05,
          "spread": 0.0,
          "rev_per_employee": null,
          "capex_intensity": 0.0843,
          "fcf_conversion": 1.2198,
          "buyback_flag": false,
          "market_cap": null,
          "headcount": null
        },
        "Q2 2019": {
          "revenue": 6.7491e+16,
          "operating_income": 4632000000000000.0,
          "nopat": 3242400000000000.0,
          "invested_capital": 2.06165e+17,
          "reported_roic": 0.0629,
          "goodwill": 0,
          "intangibles": 0,
          "leases": 0,
          "adj_invested_capital": 2.06165e+17,
          "restruct_avg": 0.0,
          "adj_nopat": 3242400000000000.0,
          "adj_roic": 0.0629,
          "spread": 0.0,
          "rev_per_employee": null,
          "capex_intensity": 0.0915,
          "fcf_conversion": -0.0697,
          "buyback_flag": false,
          "market_cap": null,
          "headcount": null
        },
        "Q3 2019": {
          "revenue": 6.3422e+16,
          "operating_income": 4721000000000000.0,
          "nopat": 3304700000000000.0,
          "invested_capital": 2.10514e+17,
          "reported_roic": 0.0628,
          "goodwill": 0,
          "intangibles": 0,
          "leases": 0,
          "adj_invested_capital": 2.10514e+17,
          "restruct_avg": 0.0,
          "adj_nopat": 3304700000000000.0,
          "adj_roic": 0.0628,
          "spread": 0.0,
          "rev_per_employee": null,
          "capex_intensity": null,
          "fcf_conversion": null,
          "buyback_flag": false,
          "market_cap": null,
          "headcount": null
        },
        "Q4 2019": {
          "revenue": 6.3024e+16,
          "operating_income": 6414000000000000.0,
          "nopat": 5772600000000000.0,
          "invested_capital": 2.35081e+17,
          "reported_roic": 0.0982,
          "goodwill": 0,
          "intangibles": 0,
          "leases": 0,
          "adj_invested_capital": 2.35081e+17,
          "restruct_avg": 0.0,
          "adj_nopat": 5772600000000000.0,
          "adj_roic": 0.0982,
          "spread": 0.0,
          "rev_per_employee": null,
          "capex_intensity": 0.1064,
          "fcf_conversion": -0.061,
          "buyback_flag": false,
          "market_cap": null,
          "headcount": null
        },
        "Q2 2020": {
          "revenue": 3.2277e+16,
          "operating_income": -1640000000000000.0,
          "nopat": -1148000000000000.0,
          "invested_capital": 2.1417e+17,
          "reported_roic": -0.0214,
          "goodwill": 0,
          "intangibles": 0,
          "leases": 0,
          "adj_invested_capital": 2.1417e+17,
          "restruct_avg": 0.0,
          "adj_nopat": -1148000000000000.0,
          "adj_roic": -0.0214,
          "spread": 0.0,
          "rev_per_employee": null,
          "capex_intensity": 0.1368,
          "fcf_conversion": 3.8476,
          "buyback_flag": true,
          "market_cap": null,
          "headcount": null
        },
        "Q4 2020": {
          "revenue": 4.5738e+16,
          "operating_income": -2.6613e+16,
          "nopat": -2.12904e+16,
          "invested_capital": 2.20204e+17,
          "reported_roic": -0.3867,
          "goodwill": 0,
          "intangibles": 0,
          "leases": 0,
          "adj_invested_capital": 2.20204e+17,
          "restruct_avg": 0.0,
          "adj_nopat": -2.12904e+16,
          "adj_roic": -0.3867,
          "spread": 0.0,
          "rev_per_employee": null,
          "capex_intensity": 0.0793,
          "fcf_conversion": -0.0177,
          "buyback_flag": true,
          "market_cap": null,
          "headcount": null
        },
        "Q1 2021": {
          "revenue": 5.7552e+16,
          "operating_income": 3592000000000000.0,
          "nopat": 2873600000000000.0,
          "invested_capital": 1.98596e+17,
          "reported_roic": 0.0579,
          "goodwill": 0,
          "intangibles": 0,
          "leases": 0,
          "adj_invested_capital": 1.98596e+17,
          "restruct_avg": 9750000000000.0,
          "adj_nopat": 2865800000000000.0,
          "adj_roic": 0.0577,
          "spread": -0.0002,
          "rev_per_employee": null,
          "capex_intensity": 0.0417,
          "fcf_conversion": 2.3951,
          "buyback_flag": false,
          "market_cap": null,
          "headcount": null
        },
        "Q2 2021": {
          "revenue": 6.5943e+16,
          "operating_income": 6307000000000000.0,
          "nopat": 5045600000000000.0,
          "invested_capital": 2.00425e+17,
          "reported_roic": 0.1007,
          "goodwill": 0,
          "intangibles": 0,
          "leases": 0,
          "adj_invested_capital": 2.00425e+17,
          "restruct_avg": 12250000000000.0,
          "adj_nopat": 5035800000000000.0,
          "adj_roic": 0.1005,
          "spread": -0.0002,
          "rev_per_employee": null,
          "capex_intensity": 0.0417,
          "fcf_conversion": 1.3708,
          "buyback_flag": false,
          "market_cap": null,
          "headcount": null
        },
        "Q3 2021": {
          "revenue": 7.1892e+16,
          "operating_income": 9606000000000000.0,
          "nopat": 6724200000000000.0,
          "invested_capital": 1.9946e+17,
          "reported_roic": 0.1348,
          "goodwill": 0,
          "intangibles": 0,
          "leases": 0,
          "adj_invested_capital": 1.9946e+17,
          "restruct_avg": 13250000000000.0,
          "adj_nopat": 6714925000000000.0,
          "adj_roic": 0.1347,
          "spread": -0.0002,
          "rev_per_employee": null,
          "capex_intensity": null,
          "fcf_conversion": null,
          "buyback_flag": false,
          "market_cap": null,
          "headcount": null
        },
        "Q4 2021": {
          "revenue": 8.1305e+16,
          "operating_income": 1.1729e+16,
          "nopat": 9383200000000000.0,
          "invested_capital": 2.09203e+17,
          "reported_roic": 0.1794,
          "goodwill": 0,
          "intangibles": 0,
          "leases": 0,
          "adj_invested_capital": 2.09203e+17,
          "restruct_avg": 14500000000000.0,
          "adj_nopat": 9371600000000000.0,
          "adj_roic": 0.1792,
          "spread": -0.0002,
          "rev_per_employee": null,
          "capex_intensity": 0.0503,
          "fcf_conversion": 1.3909,
          "buyback_flag": false,
          "market_cap": null,
          "headcount": null
        },
        "Q1 2022": {
          "revenue": 8.7734e+16,
          "operating_income": 8556000000000000.0,
          "nopat": 5989200000000000.0,
          "invested_capital": 2.00792e+17,
          "reported_roic": 0.1193,
          "goodwill": 0,
          "intangibles": 0,
          "leases": 0,
          "adj_invested_capital": 2.00792e+17,
          "restruct_avg": 4750000000000.0,
          "adj_nopat": 5985875000000000.0,
          "adj_roic": 0.1192,
          "spread": -0.0001,
          "rev_per_employee": null,
          "capex_intensity": 0.0446,
          "fcf_conversion": 1.8171,
          "buyback_flag": true,
          "market_cap": null,
          "headcount": null
        },
        "Q2 2022": {
          "revenue": 1.11265e+17,
          "operating_income": 2.4933e+16,
          "nopat": 1.7453099999999998e+16,
          "invested_capital": 1.97971e+17,
          "reported_roic": 0.3526,
          "goodwill": 0,
          "intangibles": 0,
          "leases": 0,
          "adj_invested_capital": 1.97971e+17,
          "restruct_avg": 2250000000000.0,
          "adj_nopat": 1.7451524999999998e+16,
          "adj_roic": 0.3526,
          "spread": -0.0,
          "rev_per_employee": null,
          "capex_intensity": 0.0345,
          "fcf_conversion": 0.924,
          "buyback_flag": false,
          "market_cap": null,
          "headcount": null
        },
        "Q3 2022": {
          "revenue": 1.06512e+17,
          "operating_income": 2.5422e+16,
          "nopat": 2.03376e+16,
          "invested_capital": 1.94939e+17,
          "reported_roic": 0.4173,
          "goodwill": 0,
          "intangibles": 0,
          "leases": 0,
          "adj_invested_capital": 1.94939e+17,
          "restruct_avg": 1250000000000.0,
          "adj_nopat": 2.03366e+16,
          "adj_roic": 0.4173,
          "spread": -0.0,
          "rev_per_employee": null,
          "capex_intensity": null,
          "fcf_conversion": null,
          "buyback_flag": false,
          "market_cap": null,
          "headcount": null
        },
        "Q4 2022": {
          "revenue": null,
          "operating_income": 1.8842e+16,
          "nopat": 1.31894e+16,
          "invested_capital": 2.06223e+17,
          "reported_roic": 0.2558,
          "goodwill": 0,
          "intangibles": 0,
          "leases": 0,
          "adj_invested_capital": 2.06223e+17,
          "restruct_avg": 0.0,
          "adj_nopat": 1.31894e+16,
          "adj_roic": 0.2558,
          "spread": 0.0,
          "rev_per_employee": null,
          "capex_intensity": null,
          "fcf_conversion": 0.8975,
          "buyback_flag": true,
          "market_cap": null,
          "headcount": null
        },
        "Q1 2023": {
          "revenue": 8.3644e+16,
          "operating_income": 1.6803e+16,
          "nopat": 1.17621e+16,
          "invested_capital": 2.05184e+17,
          "reported_roic": 0.2293,
          "goodwill": 0,
          "intangibles": 0,
          "leases": 0,
          "adj_invested_capital": 2.05184e+17,
          "restruct_avg": 0.0,
          "adj_nopat": 1.17621e+16,
          "adj_roic": 0.2293,
          "spread": 0.0,
          "rev_per_employee": null,
          "capex_intensity": 0.0647,
          "fcf_conversion": 0.9292,
          "buyback_flag": true,
          "market_cap": null,
          "headcount": null
        },
        "Q2 2023": {
          "revenue": 8.0795e+16,
          "operating_income": 1.1656e+16,
          "nopat": 8159199999999999.0,
          "invested_capital": 2.07085e+17,
          "reported_roic": 0.1576,
          "goodwill": 0,
          "intangibles": 0,
          "leases": 0,
          "adj_invested_capital": 2.07085e+17,
          "restruct_avg": 0.0,
          "adj_nopat": 8159199999999999.0,
          "adj_roic": 0.1576,
          "spread": 0.0,
          "rev_per_employee": null,
          "capex_intensity": 0.0663,
          "fcf_conversion": 0.4932,
          "buyback_flag": true,
          "market_cap": null,
          "headcount": null
        },
        "Q3 2023": {
          "revenue": null,
          "operating_income": 1.3699e+16,
          "nopat": 9589300000000000.0,
          "invested_capital": 2.03269e+17,
          "reported_roic": 0.1887,
          "goodwill": 0,
          "intangibles": 0,
          "leases": 0,
          "adj_invested_capital": 2.03269e+17,
          "restruct_avg": 0.0,
          "adj_nopat": 9589300000000000.0,
          "adj_roic": 0.1887,
          "spread": 0.0,
          "rev_per_employee": null,
          "capex_intensity": null,
          "fcf_conversion": null,
          "buyback_flag": false,
          "market_cap": null,
          "headcount": null
        },
        "Q4 2023": {
          "revenue": null,
          "operating_income": 1.0625e+16,
          "nopat": 8500000000000000.0,
          "invested_capital": 2.1483e+17,
          "reported_roic": 0.1583,
          "goodwill": 0,
          "intangibles": 0,
          "leases": 0,
          "adj_invested_capital": 2.1483e+17,
          "restruct_avg": 0.0,
          "adj_nopat": 8500000000000000.0,
          "adj_roic": 0.1583,
          "spread": 0.0,
          "rev_per_employee": null,
          "capex_intensity": null,
          "fcf_conversion": 0.8769,
          "buyback_flag": true,
          "market_cap": null,
          "headcount": null
        },
        "Q1 2024": {
          "revenue": null,
          "operating_income": 1.2369e+16,
          "nopat": 8658299999999999.0,
          "invested_capital": 2.04143e+17,
          "reported_roic": 0.1697,
          "goodwill": 0,
          "intangibles": 0,
          "leases": 0,
          "adj_invested_capital": 2.04143e+17,
          "restruct_avg": 0.0,
          "adj_nopat": 8658299999999999.0,
          "adj_roic": 0.1697,
          "spread": 0.0,
          "rev_per_employee": null,
          "capex_intensity": null,
          "fcf_conversion": 1.1076,
          "buyback_flag": true,
          "market_cap": null,
          "headcount": null
        },
        "Q2 2024": {
          "revenue": null,
          "operating_income": 1.3665e+16,
          "nopat": 9565500000000000.0,
          "invested_capital": 2.7851e+17,
          "reported_roic": 0.1374,
          "goodwill": 0,
          "intangibles": 0,
          "leases": 0,
          "adj_invested_capital": 2.7851e+17,
          "restruct_avg": 0.0,
          "adj_nopat": 9565500000000000.0,
          "adj_roic": 0.1374,
          "spread": 0.0,
          "rev_per_employee": null,
          "capex_intensity": null,
          "fcf_conversion": 0.4521,
          "buyback_flag": true,
          "market_cap": null,
          "headcount": null
        },
        "Q3 2024": {
          "revenue": null,
          "operating_income": 1.3026e+16,
          "nopat": 9118200000000000.0,
          "invested_capital": 2.78584e+17,
          "reported_roic": 0.1309,
          "goodwill": 0,
          "intangibles": 0,
          "leases": 0,
          "adj_invested_capital": 2.78584e+17,
          "restruct_avg": 0.0,
          "adj_nopat": 9118200000000000.0,
          "adj_roic": 0.1309,
          "spread": 0.0,
          "rev_per_employee": null,
          "capex_intensity": null,
          "fcf_conversion": null,
          "buyback_flag": false,
          "market_cap": null,
          "headcount": null
        },
        "Q4 2024": {
          "revenue": null,
          "operating_income": 9813000000000000.0,
          "nopat": 7850400000000000.0,
          "invested_capital": 2.82323e+17,
          "reported_roic": 0.1112,
          "goodwill": 0,
          "intangibles": 0,
          "leases": 0,
          "adj_invested_capital": 2.82323e+17,
          "restruct_avg": 0.0,
          "adj_nopat": 7850400000000000.0,
          "adj_roic": 0.1112,
          "spread": 0.0,
          "rev_per_employee": null,
          "capex_intensity": null,
          "fcf_conversion": 0.6868,
          "buyback_flag": true,
          "market_cap": null,
          "headcount": null
        },
        "Q1 2025": {
          "revenue": null,
          "operating_income": 1.16e+16,
          "nopat": 8119999999999999.0,
          "invested_capital": 2.78507e+17,
          "reported_roic": 0.1166,
          "goodwill": 0,
          "intangibles": 0,
          "leases": 0,
          "adj_invested_capital": 2.78507e+17,
          "restruct_avg": 0.0,
          "adj_nopat": 8119999999999999.0,
          "adj_roic": 0.1166,
          "spread": 0.0,
          "rev_per_employee": null,
          "capex_intensity": null,
          "fcf_conversion": 0.8688,
          "buyback_flag": true,
          "market_cap": null,
          "headcount": null
        },
        "Q2 2025": {
          "revenue": null,
          "operating_income": 1.0705e+16,
          "nopat": 7493500000000000.0,
          "invested_capital": 2.81811e+17,
          "reported_roic": 0.1064,
          "goodwill": 0,
          "intangibles": 0,
          "leases": 0,
          "adj_invested_capital": 2.81811e+17,
          "restruct_avg": 0.0,
          "adj_nopat": 7493500000000000.0,
          "adj_roic": 0.1064,
          "spread": 0.0,
          "rev_per_employee": null,
          "capex_intensity": null,
          "fcf_conversion": 0.7029,
          "buyback_flag": true,
          "market_cap": null,
          "headcount": null
        },
        "Q3 2025": {
          "revenue": null,
          "operating_income": 1.0932e+16,
          "nopat": 7652400000000000.0,
          "invested_capital": 2.79571e+17,
          "reported_roic": 0.1095,
          "goodwill": 0,
          "intangibles": 0,
          "leases": 0,
          "adj_invested_capital": 2.79571e+17,
          "restruct_avg": 0.0,
          "adj_nopat": 7652400000000000.0,
          "adj_roic": 0.1095,
          "spread": 0.0,
          "rev_per_employee": null,
          "capex_intensity": null,
          "fcf_conversion": null,
          "buyback_flag": false,
          "market_cap": null,
          "headcount": null
        },
        "Q4 2025": {
          "revenue": null,
          "operating_income": 8031000000000000.0,
          "nopat": 6424800000000000.0,
          "invested_capital": 2.92205e+17,
          "reported_roic": 0.0879,
          "goodwill": 0,
          "intangibles": 0,
          "leases": 0,
          "adj_invested_capital": 2.92205e+17,
          "restruct_avg": 0.0,
          "adj_nopat": 6424800000000000.0,
          "adj_roic": 0.0879,
          "spread": 0.0,
          "rev_per_employee": null,
          "capex_intensity": null,
          "fcf_conversion": 0.8139,
          "buyback_flag": true,
          "market_cap": null,
          "headcount": null
        }
      }
    },
    "UPS": {
      "info": {
        "name": "UPS",
        "sector": "Logistics",
        "tier": 2
      },
      "quarters": {
        "Q1 2015": {
          "revenue": null,
          "operating_income": 1673000000000000.0,
          "nopat": 1003800000000000.0,
          "invested_capital": 1.3614e+16,
          "reported_roic": 0.2949,
          "goodwill": 2140000000000000.0,
          "intangibles": 844000000000000.0,
          "leases": 0,
          "adj_invested_capital": 1.063e+16,
          "restruct_avg": 0.0,
          "adj_nopat": 1003800000000000.0,
          "adj_roic": 0.3777,
          "spread": 0.0828,
          "rev_per_employee": null,
          "capex_intensity": null,
          "fcf_conversion": 2.377,
          "buyback_flag": true,
          "market_cap": null,
          "headcount": null
        },
        "Q2 2015": {
          "revenue": null,
          "operating_income": 1960000000000000.0,
          "nopat": 1372000000000000.0,
          "invested_capital": 1.4924e+16,
          "reported_roic": 0.3677,
          "goodwill": 2214000000000000.0,
          "intangibles": 878000000000000.0,
          "leases": 0,
          "adj_invested_capital": 1.1832e+16,
          "restruct_avg": 0.0,
          "adj_nopat": 1372000000000000.0,
          "adj_roic": 0.4638,
          "spread": 0.0961,
          "rev_per_employee": null,
          "capex_intensity": null,
          "fcf_conversion": 0.6523,
          "buyback_flag": true,
          "market_cap": null,
          "headcount": null
        },
        "Q3 2015": {
          "revenue": null,
          "operating_income": 1984000000000000.0,
          "nopat": 1388800000000000.0,
          "invested_capital": 1.7646e+16,
          "reported_roic": 0.3148,
          "goodwill": 3442000000000000.0,
          "intangibles": 1523000000000000.0,
          "leases": 0,
          "adj_invested_capital": 1.2681e+16,
          "restruct_avg": 0.0,
          "adj_nopat": 1388800000000000.0,
          "adj_roic": 0.4381,
          "spread": 0.1233,
          "rev_per_employee": null,
          "capex_intensity": null,
          "fcf_conversion": null,
          "buyback_flag": false,
          "market_cap": null,
          "headcount": null
        },
        "Q4 2015": {
          "revenue": null,
          "operating_income": 2051000000000000.0,
          "nopat": 2051000000000000.0,
          "invested_capital": 1.7092e+16,
          "reported_roic": 0.48,
          "goodwill": 3419000000000000.0,
          "intangibles": 1549000000000000.0,
          "leases": 0,
          "adj_invested_capital": 1.2124e+16,
          "restruct_avg": 0.0,
          "adj_nopat": 2051000000000000.0,
          "adj_roic": 0.6767,
          "spread": 0.1967,
          "rev_per_employee": null,
          "capex_intensity": null,
          "fcf_conversion": 0.1385,
          "buyback_flag": true,
          "market_cap": null,
          "headcount": null
        },
        "Q1 2016": {
          "revenue": null,
          "operating_income": 1823000000000000.0,
          "nopat": 1093800000000000.0,
          "invested_capital": 1.7877e+16,
          "reported_roic": 0.2447,
          "goodwill": 3440000000000000.0,
          "intangibles": 1569000000000000.0,
          "leases": 0,
          "adj_invested_capital": 1.2868e+16,
          "restruct_avg": 0.0,
          "adj_nopat": 1093800000000000.0,
          "adj_roic": 0.34,
          "spread": 0.0953,
          "rev_per_employee": null,
          "capex_intensity": null,
          "fcf_conversion": 2.0506,
          "buyback_flag": true,
          "market_cap": null,
          "headcount": null
        },
        "Q2 2016": {
          "revenue": null,
          "operating_income": 2038000000000000.0,
          "nopat": 1426600000000000.0,
          "invested_capital": 1.6749e+16,
          "reported_roic": 0.3407,
          "goodwill": 3427000000000000.0,
          "intangibles": 1550000000000000.0,
          "leases": 0,
          "adj_invested_capital": 1.1772e+16,
          "restruct_avg": 0.0,
          "adj_nopat": 1426600000000000.0,
          "adj_roic": 0.4847,
          "spread": 0.144,
          "rev_per_employee": null,
          "capex_intensity": null,
          "fcf_conversion": 1.0423,
          "buyback_flag": true,
          "market_cap": null,
          "headcount": null
        },
        "Q3 2016": {
          "revenue": null,
          "operating_income": 2034000000000000.0,
          "nopat": 1423800000000000.0,
          "invested_capital": 1.859e+16,
          "reported_roic": 0.3064,
          "goodwill": 3436000000000000.0,
          "intangibles": 1537000000000000.0,
          "leases": 0,
          "adj_invested_capital": 1.3617e+16,
          "restruct_avg": 0.0,
          "adj_nopat": 1423800000000000.0,
          "adj_roic": 0.4182,
          "spread": 0.1119,
          "rev_per_employee": null,
          "capex_intensity": null,
          "fcf_conversion": null,
          "buyback_flag": false,
          "market_cap": null,
          "headcount": null
        },
        "Q4 2016": {
          "revenue": null,
          "operating_income": -428000000000000.0,
          "nopat": -428000000000000.0,
          "invested_capital": 1.6685e+16,
          "reported_roic": -0.1026,
          "goodwill": 3757000000000000.0,
          "intangibles": 1758000000000000.0,
          "leases": 0,
          "adj_invested_capital": 1.117e+16,
          "restruct_avg": 0.0,
          "adj_nopat": -428000000000000.0,
          "adj_roic": -0.1533,
          "spread": -0.0507,
          "rev_per_employee": null,
          "capex_intensity": null,
          "fcf_conversion": 0.0421,
          "buyback_flag": true,
          "market_cap": null,
          "headcount": null
        },
        "Q1 2017": {
          "revenue": 1.551e+16,
          "operating_income": 1784000000000000.0,
          "nopat": 1248800000000000.0,
          "invested_capital": 1.939e+16,
          "reported_roic": 0.2576,
          "goodwill": 3777000000000000.0,
          "intangibles": 1780000000000000.0,
          "leases": 0,
          "adj_invested_capital": 1.3833e+16,
          "restruct_avg": 0.0,
          "adj_nopat": 1248800000000000.0,
          "adj_roic": 0.3611,
          "spread": 0.1035,
          "rev_per_employee": null,
          "capex_intensity": 0.0605,
          "fcf_conversion": -0.5597,
          "buyback_flag": true,
          "market_cap": null,
          "headcount": null
        },
        "Q2 2017": {
          "revenue": 1.5927e+16,
          "operating_income": 2216000000000000.0,
          "nopat": 1551200000000000.0,
          "invested_capital": 1.9591e+16,
          "reported_roic": 0.3167,
          "goodwill": 3845000000000000.0,
          "intangibles": 1829000000000000.0,
          "leases": 0,
          "adj_invested_capital": 1.3917e+16,
          "restruct_avg": 0.0,
          "adj_nopat": 1551200000000000.0,
          "adj_roic": 0.4458,
          "spread": 0.1291,
          "rev_per_employee": null,
          "capex_intensity": 0.0672,
          "fcf_conversion": 0.8452,
          "buyback_flag": false,
          "market_cap": null,
          "headcount": null
        },
        "Q3 2017": {
          "revenue": 1.6173e+16,
          "operating_income": 2035000000000000.0,
          "nopat": 1424500000000000.0,
          "invested_capital": 2.1556e+16,
          "reported_roic": 0.2643,
          "goodwill": 3838000000000000.0,
          "intangibles": 1897000000000000.0,
          "leases": 0,
          "adj_invested_capital": 1.5821e+16,
          "restruct_avg": 0.0,
          "adj_nopat": 1424500000000000.0,
          "adj_roic": 0.3602,
          "spread": 0.0958,
          "rev_per_employee": null,
          "capex_intensity": null,
          "fcf_conversion": null,
          "buyback_flag": false,
          "market_cap": null,
          "headcount": null
        },
        "Q4 2017": {
          "revenue": 1.8975e+16,
          "operating_income": 1494000000000000.0,
          "nopat": 1494000000000000.0,
          "invested_capital": 2.5974e+16,
          "reported_roic": 0.2301,
          "goodwill": 3872000000000000.0,
          "intangibles": 1964000000000000.0,
          "leases": 0,
          "adj_invested_capital": 2.0138e+16,
          "restruct_avg": 0.0,
          "adj_nopat": 1494000000000000.0,
          "adj_roic": 0.2968,
          "spread": 0.0667,
          "rev_per_employee": null,
          "capex_intensity": 0.0801,
          "fcf_conversion": -2.9839,
          "buyback_flag": true,
          "market_cap": null,
          "headcount": null
        },
        "Q1 2018": {
          "revenue": 1.7113e+16,
          "operating_income": 1520000000000000.0,
          "nopat": 1216000000000000.0,
          "invested_capital": 2.3575e+16,
          "reported_roic": 0.2063,
          "goodwill": 3893000000000000.0,
          "intangibles": 2025000000000000.0,
          "leases": 0,
          "adj_invested_capital": 1.7657e+16,
          "restruct_avg": 0.0,
          "adj_nopat": 1216000000000000.0,
          "adj_roic": 0.2755,
          "spread": 0.0692,
          "rev_per_employee": null,
          "capex_intensity": 0.0898,
          "fcf_conversion": 2.0806,
          "buyback_flag": false,
          "market_cap": null,
          "headcount": null
        },
        "Q2 2018": {
          "revenue": 1.7456e+16,
          "operating_income": 1773000000000000.0,
          "nopat": 1418400000000000.0,
          "invested_capital": 2.3416e+16,
          "reported_roic": 0.2423,
          "goodwill": 3837000000000000.0,
          "intangibles": 2028000000000000.0,
          "leases": 0,
          "adj_invested_capital": 1.7551e+16,
          "restruct_avg": 65750000000000.0,
          "adj_nopat": 1365800000000000.0,
          "adj_roic": 0.3113,
          "spread": 0.069,
          "rev_per_employee": null,
          "capex_intensity": 0.0752,
          "fcf_conversion": 1.3333,
          "buyback_flag": false,
          "market_cap": null,
          "headcount": null
        },
        "Q1 2019": {
          "revenue": 1.716e+16,
          "operating_income": 1394000000000000.0,
          "nopat": 1115200000000000.0,
          "invested_capital": 2.5023e+16,
          "reported_roic": 0.1783,
          "goodwill": 3813000000000000.0,
          "intangibles": 2093000000000000.0,
          "leases": 0,
          "adj_invested_capital": 1.9117e+16,
          "restruct_avg": 90000000000000.0,
          "adj_nopat": 1043200000000000.0,
          "adj_roic": 0.2183,
          "spread": 0.04,
          "rev_per_employee": null,
          "capex_intensity": 0.0882,
          "fcf_conversion": 0.7314,
          "buyback_flag": false,
          "market_cap": null,
          "headcount": null
        },
        "Q2 2019": {
          "revenue": 1.8048e+16,
          "operating_income": 2143000000000000.0,
          "nopat": 1714400000000000.0,
          "invested_capital": 2.6664e+16,
          "reported_roic": 0.2572,
          "goodwill": 3811000000000000.0,
          "intangibles": 2121000000000000.0,
          "leases": 0,
          "adj_invested_capital": 2.0732e+16,
          "restruct_avg": 24250000000000.0,
          "adj_nopat": 1695000000000000.0,
          "adj_roic": 0.327,
          "spread": 0.0698,
          "rev_per_employee": null,
          "capex_intensity": 0.0746,
          "fcf_conversion": 0.344,
          "buyback_flag": false,
          "market_cap": null,
          "headcount": null
        },
        "Q3 2019": {
          "revenue": 1.8318e+16,
          "operating_income": 2128000000000000.0,
          "nopat": 1702400000000000.0,
          "invested_capital": 2.758e+16,
          "reported_roic": 0.2469,
          "goodwill": 3783000000000000.0,
          "intangibles": 2131000000000000.0,
          "leases": 0,
          "adj_invested_capital": 2.1666e+16,
          "restruct_avg": 0.0,
          "adj_nopat": 1702400000000000.0,
          "adj_roic": 0.3143,
          "spread": 0.0674,
          "rev_per_employee": null,
          "capex_intensity": null,
          "fcf_conversion": null,
          "buyback_flag": false,
          "market_cap": null,
          "headcount": null
        },
        "Q4 2019": {
          "revenue": 2.0568e+16,
          "operating_income": 2133000000000000.0,
          "nopat": 2133000000000000.0,
          "invested_capital": 3.0107e+16,
          "reported_roic": 0.2834,
          "goodwill": 3813000000000000.0,
          "intangibles": 2167000000000000.0,
          "leases": 0,
          "adj_invested_capital": 2.4127e+16,
          "restruct_avg": 0.0,
          "adj_nopat": 2133000000000000.0,
          "adj_roic": 0.3536,
          "spread": 0.0702,
          "rev_per_employee": null,
          "capex_intensity": 0.0994,
          "fcf_conversion": 0.4229,
          "buyback_flag": false,
          "market_cap": null,
          "headcount": null
        },
        "Q1 2020": {
          "revenue": 1.8035e+16,
          "operating_income": 1072000000000000.0,
          "nopat": 857600000000000.0,
          "invested_capital": 3.1755e+16,
          "reported_roic": 0.108,
          "goodwill": 3776000000000000.0,
          "intangibles": 2176000000000000.0,
          "leases": 0,
          "adj_invested_capital": 2.5803e+16,
          "restruct_avg": 0.0,
          "adj_nopat": 857600000000000.0,
          "adj_roic": 0.1329,
          "spread": 0.0249,
          "rev_per_employee": null,
          "capex_intensity": 0.0517,
          "fcf_conversion": 1.8855,
          "buyback_flag": false,
          "market_cap": null,
          "headcount": null
        },
        "Q2 2020": {
          "revenue": 2.0459e+16,
          "operating_income": 2212000000000000.0,
          "nopat": 1769600000000000.0,
          "invested_capital": 2.9996e+16,
          "reported_roic": 0.236,
          "goodwill": 3787000000000000.0,
          "intangibles": 2207000000000000.0,
          "leases": 0,
          "adj_invested_capital": 2.4002e+16,
          "restruct_avg": 0.0,
          "adj_nopat": 1769600000000000.0,
          "adj_roic": 0.2949,
          "spread": 0.0589,
          "rev_per_employee": null,
          "capex_intensity": 0.0553,
          "fcf_conversion": 1.28,
          "buyback_flag": false,
          "market_cap": null,
          "headcount": null
        },
        "Q3 2020": {
          "revenue": 2.1238e+16,
          "operating_income": 2363000000000000.0,
          "nopat": 1890400000000000.0,
          "invested_capital": 2.7235e+16,
          "reported_roic": 0.2776,
          "goodwill": 3816000000000000.0,
          "intangibles": 2289000000000000.0,
          "leases": 0,
          "adj_invested_capital": 2.113e+16,
          "restruct_avg": 0.0,
          "adj_nopat": 1890400000000000.0,
          "adj_roic": 0.3579,
          "spread": 0.0802,
          "rev_per_employee": null,
          "capex_intensity": null,
          "fcf_conversion": null,
          "buyback_flag": false,
          "market_cap": null,
          "headcount": null
        },
        "Q4 2020": {
          "revenue": 2.4896e+16,
          "operating_income": 2037000000000000.0,
          "nopat": 2037000000000000.0,
          "invested_capital": 2.2039e+16,
          "reported_roic": 0.3697,
          "goodwill": 3367000000000000.0,
          "intangibles": 2274000000000000.0,
          "leases": 0,
          "adj_invested_capital": 1.6398e+16,
          "restruct_avg": 0.0,
          "adj_nopat": 2037000000000000.0,
          "adj_roic": 0.4969,
          "spread": 0.1272,
          "rev_per_employee": null,
          "capex_intensity": 0.0881,
          "fcf_conversion": -0.4993,
          "buyback_flag": false,
          "market_cap": null,
          "headcount": null
        },
        "Q1 2021": {
          "revenue": 2.2908e+16,
          "operating_income": 2765000000000000.0,
          "nopat": 2212000000000000.0,
          "invested_capital": 2.5651e+16,
          "reported_roic": 0.3449,
          "goodwill": 3346000000000000.0,
          "intangibles": 2268000000000000.0,
          "leases": 0,
          "adj_invested_capital": 2.0037e+16,
          "restruct_avg": 0.0,
          "adj_nopat": 2212000000000000.0,
          "adj_roic": 0.4416,
          "spread": 0.0966,
          "rev_per_employee": null,
          "capex_intensity": 0.0364,
          "fcf_conversion": 1.6713,
          "buyback_flag": false,
          "market_cap": null,
          "headcount": null
        },
        "Q2 2021": {
          "revenue": 2.3424e+16,
          "operating_income": 3258000000000000.0,
          "nopat": 2606400000000000.0,
          "invested_capital": 2.585e+16,
          "reported_roic": 0.4033,
          "goodwill": 3357000000000000.0,
          "intangibles": 2238000000000000.0,
          "leases": 0,
          "adj_invested_capital": 2.0255e+16,
          "restruct_avg": 0.0,
          "adj_nopat": 2606400000000000.0,
          "adj_roic": 0.5147,
          "spread": 0.1114,
          "rev_per_employee": null,
          "capex_intensity": 0.0357,
          "fcf_conversion": 1.1844,
          "buyback_flag": false,
          "market_cap": null,
          "headcount": null
        },
        "Q3 2021": {
          "revenue": 2.3184e+16,
          "operating_income": 2896000000000000.0,
          "nopat": 2316800000000000.0,
          "invested_capital": 2.5203e+16,
          "reported_roic": 0.3677,
          "goodwill": 3332000000000000.0,
          "intangibles": 2224000000000000.0,
          "leases": 0,
          "adj_invested_capital": 1.9647e+16,
          "restruct_avg": 0.0,
          "adj_nopat": 2316800000000000.0,
          "adj_roic": 0.4717,
          "spread": 0.104,
          "rev_per_employee": null,
          "capex_intensity": null,
          "fcf_conversion": null,
          "buyback_flag": false,
          "market_cap": null,
          "headcount": null
        },
        "Q4 2021": {
          "revenue": 2.7771e+16,
          "operating_income": 3891000000000000.0,
          "nopat": 3891000000000000.0,
          "invested_capital": 2.8044e+16,
          "reported_roic": 0.555,
          "goodwill": 3692000000000000.0,
          "intangibles": 2486000000000000.0,
          "leases": 0,
          "adj_invested_capital": 2.1866e+16,
          "restruct_avg": 0.0,
          "adj_nopat": 3891000000000000.0,
          "adj_roic": 0.7118,
          "spread": 0.1568,
          "rev_per_employee": null,
          "capex_intensity": 0.0585,
          "fcf_conversion": 0.4169,
          "buyback_flag": false,
          "market_cap": null,
          "headcount": null
        },
        "Q1 2022": {
          "revenue": 2.4378e+16,
          "operating_income": 3251000000000000.0,
          "nopat": 2600800000000000.0,
          "invested_capital": 2.723e+16,
          "reported_roic": 0.382,
          "goodwill": 3668000000000000.0,
          "intangibles": 2465000000000000.0,
          "leases": 0,
          "adj_invested_capital": 2.1097e+16,
          "restruct_avg": 0.0,
          "adj_nopat": 2600800000000000.0,
          "adj_roic": 0.4931,
          "spread": 0.1111,
          "rev_per_employee": null,
          "capex_intensity": 0.0225,
          "fcf_conversion": 1.5118,
          "buyback_flag": false,
          "market_cap": null,
          "headcount": null
        },
        "Q2 2022": {
          "revenue": 2.4766e+16,
          "operating_income": 3535000000000000.0,
          "nopat": 2828000000000000.0,
          "invested_capital": 2.7709e+16,
          "reported_roic": 0.4082,
          "goodwill": 3675000000000000.0,
          "intangibles": 2476000000000000.0,
          "leases": 0,
          "adj_invested_capital": 2.1558e+16,
          "restruct_avg": 0.0,
          "adj_nopat": 2828000000000000.0,
          "adj_roic": 0.5247,
          "spread": 0.1165,
          "rev_per_employee": null,
          "capex_intensity": 0.0339,
          "fcf_conversion": 1.0513,
          "buyback_flag": true,
          "market_cap": null,
          "headcount": null
        },
        "Q3 2022": {
          "revenue": 2.4161e+16,
          "operating_income": 3113000000000000.0,
          "nopat": 2490400000000000.0,
          "invested_capital": 2.8854e+16,
          "reported_roic": 0.3452,
          "goodwill": 3624000000000000.0,
          "intangibles": 2439000000000000.0,
          "leases": 0,
          "adj_invested_capital": 2.2791e+16,
          "restruct_avg": 0.0,
          "adj_nopat": 2490400000000000.0,
          "adj_roic": 0.4371,
          "spread": 0.0918,
          "rev_per_employee": null,
          "capex_intensity": null,
          "fcf_conversion": null,
          "buyback_flag": false,
          "market_cap": null,
          "headcount": null
        },
        "Q4 2022": {
          "revenue": 2.7033e+16,
          "operating_income": 3195000000000000.0,
          "nopat": 3195000000000000.0,
          "invested_capital": 3.3846e+16,
          "reported_roic": 0.3776,
          "goodwill": 4223000000000000.0,
          "intangibles": 2796000000000000.0,
          "leases": 0,
          "adj_invested_capital": 2.6827e+16,
          "restruct_avg": 0.0,
          "adj_nopat": 3195000000000000.0,
          "adj_roic": 0.4764,
          "spread": 0.0988,
          "rev_per_employee": null,
          "capex_intensity": 0.0921,
          "fcf_conversion": 0.2632,
          "buyback_flag": true,
          "market_cap": null,
          "headcount": null
        },
        "Q1 2023": {
          "revenue": 2.2925e+16,
          "operating_income": 2541000000000000.0,
          "nopat": 2032800000000000.0,
          "invested_capital": 3.8368e+16,
          "reported_roic": 0.2119,
          "goodwill": 4249000000000000.0,
          "intangibles": 2811000000000000.0,
          "leases": 0,
          "adj_invested_capital": 3.1308e+16,
          "restruct_avg": 0.0,
          "adj_nopat": 2032800000000000.0,
          "adj_roic": 0.2597,
          "spread": 0.0478,
          "rev_per_employee": null,
          "capex_intensity": 0.0266,
          "fcf_conversion": 0.8599,
          "buyback_flag": true,
          "market_cap": null,
          "headcount": null
        },
        "Q2 2023": {
          "revenue": 2.2055e+16,
          "operating_income": 2780000000000000.0,
          "nopat": 2224000000000000.0,
          "invested_capital": 3.7382e+16,
          "reported_roic": 0.238,
          "goodwill": 4250000000000000.0,
          "intangibles": 2890000000000000.0,
          "leases": 0,
          "adj_invested_capital": 3.0242e+16,
          "restruct_avg": 0.0,
          "adj_nopat": 2224000000000000.0,
          "adj_roic": 0.2942,
          "spread": 0.0562,
          "rev_per_employee": null,
          "capex_intensity": 0.0549,
          "fcf_conversion": 0.911,
          "buyback_flag": true,
          "market_cap": null,
          "headcount": null
        },
        "Q3 2023": {
          "revenue": 2.1061e+16,
          "operating_income": 1343000000000000.0,
          "nopat": 1208700000000000.0,
          "invested_capital": 3.3739e+16,
          "reported_roic": 0.1433,
          "goodwill": 4097000000000000.0,
          "intangibles": 2892000000000000.0,
          "leases": 0,
          "adj_invested_capital": 2.675e+16,
          "restruct_avg": 0.0,
          "adj_nopat": 1208700000000000.0,
          "adj_roic": 0.1807,
          "spread": 0.0374,
          "rev_per_employee": null,
          "capex_intensity": null,
          "fcf_conversion": null,
          "buyback_flag": false,
          "market_cap": null,
          "headcount": null
        },
        "Q4 2023": {
          "revenue": 2.4917e+16,
          "operating_income": 2477000000000000.0,
          "nopat": 2477000000000000.0,
          "invested_capital": 3.3016e+16,
          "reported_roic": 0.3001,
          "goodwill": 4872000000000000.0,
          "intangibles": 3305000000000000.0,
          "leases": 0,
          "adj_invested_capital": 2.4839e+16,
          "restruct_avg": 0.0,
          "adj_nopat": 2477000000000000.0,
          "adj_roic": 0.3989,
          "spread": 0.0988,
          "rev_per_employee": null,
          "capex_intensity": 0.0822,
          "fcf_conversion": 0.1461,
          "buyback_flag": false,
          "market_cap": null,
          "headcount": null
        },
        "Q1 2024": {
          "revenue": 2.1706e+16,
          "operating_income": 1613000000000000.0,
          "nopat": 1129100000000000.0,
          "invested_capital": 3.1477e+16,
          "reported_roic": 0.1435,
          "goodwill": 4846000000000000.0,
          "intangibles": 3308000000000000.0,
          "leases": 0,
          "adj_invested_capital": 2.3323e+16,
          "restruct_avg": 0.0,
          "adj_nopat": 1129100000000000.0,
          "adj_roic": 0.1936,
          "spread": 0.0502,
          "rev_per_employee": null,
          "capex_intensity": 0.0477,
          "fcf_conversion": 2.0202,
          "buyback_flag": false,
          "market_cap": null,
          "headcount": null
        },
        "Q2 2024": {
          "revenue": 2.1818e+16,
          "operating_income": 1944000000000000.0,
          "nopat": 1555200000000000.0,
          "invested_capital": 3.0908e+16,
          "reported_roic": 0.2013,
          "goodwill": 4350000000000000.0,
          "intangibles": 3106000000000000.0,
          "leases": 0,
          "adj_invested_capital": 2.3452e+16,
          "restruct_avg": 0.0,
          "adj_nopat": 1555200000000000.0,
          "adj_roic": 0.2653,
          "spread": 0.064,
          "rev_per_employee": null,
          "capex_intensity": 0.0428,
          "fcf_conversion": 0.6816,
          "buyback_flag": false,
          "market_cap": null,
          "headcount": null
        },
        "Q3 2024": {
          "revenue": 2.2245e+16,
          "operating_income": 1985000000000000.0,
          "nopat": 1588000000000000.0,
          "invested_capital": 3.1326e+16,
          "reported_roic": 0.2028,
          "goodwill": 4300000000000000.0,
          "intangibles": 3108000000000000.0,
          "leases": 0,
          "adj_invested_capital": 2.3918e+16,
          "restruct_avg": 0.0,
          "adj_nopat": 1588000000000000.0,
          "adj_roic": 0.2656,
          "spread": 0.0628,
          "rev_per_employee": null,
          "capex_intensity": null,
          "fcf_conversion": null,
          "buyback_flag": false,
          "market_cap": null,
          "headcount": null
        },
        "Q4 2024": {
          "revenue": 2.5301e+16,
          "operating_income": 2926000000000000.0,
          "nopat": 2926000000000000.0,
          "invested_capital": 3.0052e+16,
          "reported_roic": 0.3895,
          "goodwill": 4300000000000000.0,
          "intangibles": 3064000000000000.0,
          "leases": 0,
          "adj_invested_capital": 2.2688e+16,
          "restruct_avg": 0.0,
          "adj_nopat": 2926000000000000.0,
          "adj_roic": 0.5159,
          "spread": 0.1264,
          "rev_per_employee": null,
          "capex_intensity": 0.0434,
          "fcf_conversion": 0.7577,
          "buyback_flag": false,
          "market_cap": null,
          "headcount": null
        },
        "Q1 2025": {
          "revenue": 2.1546e+16,
          "operating_income": 1666000000000000.0,
          "nopat": 1332800000000000.0,
          "invested_capital": 3.0369e+16,
          "reported_roic": 0.1755,
          "goodwill": 4691000000000000.0,
          "intangibles": 3301000000000000.0,
          "leases": 0,
          "adj_invested_capital": 2.2377e+16,
          "restruct_avg": 0.0,
          "adj_nopat": 1332800000000000.0,
          "adj_roic": 0.2382,
          "spread": 0.0627,
          "rev_per_employee": null,
          "capex_intensity": 0.0407,
          "fcf_conversion": 1.0819,
          "buyback_flag": true,
          "market_cap": null,
          "headcount": null
        },
        "Q2 2025": {
          "revenue": 2.1221e+16,
          "operating_income": 1822000000000000.0,
          "nopat": 1457600000000000.0,
          "invested_capital": 3.3376e+16,
          "reported_roic": 0.1747,
          "goodwill": 4806000000000000.0,
          "intangibles": 3356000000000000.0,
          "leases": 0,
          "adj_invested_capital": 2.5214e+16,
          "restruct_avg": 0.0,
          "adj_nopat": 1457600000000000.0,
          "adj_roic": 0.2312,
          "spread": 0.0565,
          "rev_per_employee": null,
          "capex_intensity": 0.0529,
          "fcf_conversion": -0.5317,
          "buyback_flag": false,
          "market_cap": null,
          "headcount": null
        },
        "Q3 2025": {
          "revenue": 2.1415e+16,
          "operating_income": 1804000000000000.0,
          "nopat": 1443200000000000.0,
          "invested_capital": 3.2909e+16,
          "reported_roic": 0.1754,
          "goodwill": 4800000000000000.0,
          "intangibles": 3455000000000000.0,
          "leases": 0,
          "adj_invested_capital": 2.4654e+16,
          "restruct_avg": 0.0,
          "adj_nopat": 1443200000000000.0,
          "adj_roic": 0.2342,
          "spread": 0.0587,
          "rev_per_employee": null,
          "capex_intensity": null,
          "fcf_conversion": null,
          "buyback_flag": false,
          "market_cap": null,
          "headcount": null
        },
        "Q4 2025": {
          "revenue": 2.4479e+16,
          "operating_income": 2575000000000000.0,
          "nopat": 2575000000000000.0,
          "invested_capital": 3.3859e+16,
          "reported_roic": 0.3042,
          "goodwill": 5837000000000000.0,
          "intangibles": 4021000000000000.0,
          "leases": 0,
          "adj_invested_capital": 2.4001e+16,
          "restruct_avg": 0.0,
          "adj_nopat": 2575000000000000.0,
          "adj_roic": 0.4291,
          "spread": 0.1249,
          "rev_per_employee": null,
          "capex_intensity": 0.0292,
          "fcf_conversion": 1.0043,
          "buyback_flag": false,
          "market_cap": null,
          "headcount": null
        }
      }
    }
  },
  "events": [
    {
      "ticker": "IBM",
      "quarter": "Q2 2023",
      "jobs": 7800,
      "type": "direct"
    },
    {
      "ticker": "CHGG",
      "quarter": "Q2 2023",
      "jobs": 80,
      "type": "disrupted"
    },
    {
      "ticker": "DBX",
      "quarter": "Q2 2023",
      "jobs": 500,
      "type": "direct"
    },
    {
      "ticker": "META",
      "quarter": "Q1 2023",
      "jobs": 10000,
      "type": "partial"
    },
    {
      "ticker": "GOOGL",
      "quarter": "Q1 2023",
      "jobs": 12000,
      "type": "partial"
    },
    {
      "ticker": "DUOL",
      "quarter": "Q1 2024",
      "jobs": 100,
      "type": "direct"
    },
    {
      "ticker": "CHGG",
      "quarter": "Q2 2024",
      "jobs": 248,
      "type": "disrupted"
    },
    {
      "ticker": "GOOGL",
      "quarter": "Q2 2024",
      "jobs": 6000,
      "type": "partial"
    },
    {
      "ticker": "CRM",
      "quarter": "Q1 2024",
      "jobs": 700,
      "type": "partial"
    },
    {
      "ticker": "PYPL",
      "quarter": "Q1 2024",
      "jobs": 2500,
      "type": "partial"
    },
    {
      "ticker": "DBX",
      "quarter": "Q4 2024",
      "jobs": 528,
      "type": "direct"
    },
    {
      "ticker": "SAP",
      "quarter": "Q1 2024",
      "jobs": 8000,
      "type": "direct"
    },
    {
      "ticker": "WDAY",
      "quarter": "Q1 2025",
      "jobs": 1750,
      "type": "direct"
    },
    {
      "ticker": "MSFT",
      "quarter": "Q1 2025",
      "jobs": 6000,
      "type": "direct"
    },
    {
      "ticker": "CRWD",
      "quarter": "Q2 2025",
      "jobs": 500,
      "type": "direct"
    },
    {
      "ticker": "MSFT",
      "quarter": "Q3 2025",
      "jobs": 9000,
      "type": "direct"
    },
    {
      "ticker": "CHGG",
      "quarter": "Q4 2025",
      "jobs": 388,
      "type": "disrupted"
    },
    {
      "ticker": "FVRR",
      "quarter": "Q3 2025",
      "jobs": 250,
      "type": "direct"
    },
    {
      "ticker": "IBM",
      "quarter": "Q4 2025",
      "jobs": 2700,
      "type": "direct"
    },
    {
      "ticker": "CRM",
      "quarter": "Q3 2025",
      "jobs": 4000,
      "type": "direct"
    },
    {
      "ticker": "HPQ",
      "quarter": "Q4 2025",
      "jobs": 6000,
      "type": "direct"
    },
    {
      "ticker": "CHRW",
      "quarter": "Q4 2025",
      "jobs": 1400,
      "type": "direct"
    },
    {
      "ticker": "AMZN",
      "quarter": "Q4 2025",
      "jobs": 14000,
      "type": "direct"
    },
    {
      "ticker": "SAP",
      "quarter": "Q2 2025",
      "jobs": 3000,
      "type": "direct"
    },
    {
      "ticker": "UPS",
      "quarter": "Q3 2025",
      "jobs": 14000,
      "type": "partial"
    }
  ],
  "company_list": {
    "MSFT": {
      "name": "Microsoft",
      "sector": "Technology",
      "tier": 1
    },
    "AMZN": {
      "name": "Amazon",
      "sector": "Tech/Retail",
      "tier": 1
    },
    "GOOGL": {
      "name": "Alphabet",
      "sector": "Technology",
      "tier": 1
    },
    "META": {
      "name": "Meta Platforms",
      "sector": "Technology",
      "tier": 1
    },
    "IBM": {
      "name": "IBM",
      "sector": "Technology",
      "tier": 1
    },
    "CRM": {
      "name": "Salesforce",
      "sector": "Technology",
      "tier": 1
    },
    "WDAY": {
      "name": "Workday",
      "sector": "Technology",
      "tier": 1
    },
    "SAP": {
      "name": "SAP SE",
      "sector": "Technology",
      "tier": 1
    },
    "CRWD": {
      "name": "CrowdStrike",
      "sector": "Cybersecurity",
      "tier": 1
    },
    "HPQ": {
      "name": "HP Inc",
      "sector": "Technology",
      "tier": 1
    },
    "CHGG": {
      "name": "Chegg",
      "sector": "EdTech",
      "tier": 1
    },
    "DBX": {
      "name": "Dropbox",
      "sector": "Technology",
      "tier": 1
    },
    "CHRW": {
      "name": "C.H. Robinson",
      "sector": "Logistics",
      "tier": 1
    },
    "PYPL": {
      "name": "PayPal",
      "sector": "Fintech",
      "tier": 1
    },
    "DUOL": {
      "name": "Duolingo",
      "sector": "EdTech",
      "tier": 1
    },
    "FVRR": {
      "name": "Fiverr",
      "sector": "Marketplace",
      "tier": 1
    },
    "JPM": {
      "name": "JPMorgan Chase",
      "sector": "Financials",
      "tier": 2
    },
    "UNH": {
      "name": "UnitedHealth",
      "sector": "Healthcare",
      "tier": 2
    },
    "WMT": {
      "name": "Walmart",
      "sector": "Retail",
      "tier": 2
    },
    "CAT": {
      "name": "Caterpillar",
      "sector": "Industrials",
      "tier": 2
    },
    "AAPL": {
      "name": "Apple",
      "sector": "Technology",
      "tier": 2
    },
    "NVDA": {
      "name": "NVIDIA",
      "sector": "Technology",
      "tier": 2
    },
    "JNJ": {
      "name": "Johnson & Johnson",
      "sector": "Healthcare",
      "tier": 2
    },
    "COST": {
      "name": "Costco",
      "sector": "Retail",
      "tier": 2
    },
    "XOM": {
      "name": "ExxonMobil",
      "sector": "Energy",
      "tier": 2
    },
    "UPS": {
      "name": "UPS",
      "sector": "Logistics",
      "tier": 2
    }
  }
}